2976 4954
181 831 458 922 mnanae
493 833 606 920 cor
631 833 1185 924 canceraremur
1212 889 1215 970 3

417 1010 642 1078 ΙΣΤΟΡΙΩΝ
659 1013 862 1078 ΒΙΒΛΙΟΝ
892 1015 925 1078 Γ
923 1060 930 1076 .

236 1209 565 1310 toANle'
590 1211 1099 1314 CANTACUzEN‘l

415 1393 710 1458 ntscomeaon
732 1396 855 1460 mccc
885 1398 942 1462 111.

537 1579 827 1600 m

515 1796 830 1856 ccclocuc.

197 1972 245 2023 ilic
259 1969 336 2022 liber
355 1969 480 2021 caeteris
495 1968 582 2023 nsulto
600 1969 711 2030 maior.
739 1986 799 2020 cum
818 1967 946 2040 proximo
966 1969 1108 2038 superiore
1121 1981 1226 2022 conne-

133 2039 219 2092 ctitur.
255 2041 366 2093 Causae
387 2037 564 2104 indicantur,
584 2057 636 2092 cur
653 2037 813 2102 narranda,
832 2056 904 2108 quae
915 2038 1043 2106 deinceps
1052 2049 1224 2108 sequuntur.-

132 2111 233 2162 writes
247 2109 432 2178 promittitur.
468 2109 571 2179 Magni
587 2108 732 2162 domestici
758 2112 789 2159 in
810 2110 921 2179 palatio
946 2105 1129 2160 custodiendo
1155 2104 1225 2165 dili·

126 2195 193 2244 με
204 2182 353 2248 provisio.-
379 2197 399 2232 a
422 2195 478 2248 quo
495 2191 523 2231 et
540 2179 648 2232 urbium
665 2181 934 2249 provinciarumque
952 2176 1095 2247 praefecti
1111 2193 1227 2227 mouen-

123 2262 182 2312 tur,
206 2249 335 2324 nequid
356 2250 429 2301 noui
446 2250 596 2317 incipiant.
634 2252 815 2320 Imperatoris
834 2247 992 2301 Andronici
1010 2245 1162 2316 magnifica
1181 2262 1225 2298 se·

118 2325 234 2388 paleare
259 2337 298 2372 ac
322 2335 409 2372 sacra
427 2319 579 2389 fisneralia
598 2319 674 2388 (Cap.
705 2321 738 2388 s).
781 2317 968 2374 Patriorcisae
986 2317 1109 2370 ambitio.
1145 2321 1225 2369 Ana-

118 2389 310 2441 aea-sumas
320 2392 353 2442 in
371 2407 434 2450 eos,
454 2388 506 2460 qui
524 2401 634 2443 mortuo
654 2391 824 2460 Imperatore
846 2390 878 2442 de
894 2389 968 2461 filiis
985 2391 1045 2441 eius
1066 2389 1139 2440 mole
1165 2402 1222 2438 sne-

120 2463 238 2513 ruen'nt,
275 2460 382 2513 Iterum
404 2457 438 2510 de
457 2459 609 2514 ambitione
625 2459 816 2530 patriarchae.
851 2461 892 2513 De
912 2460 1039 2511 Sismano
1057 2459 1138 2511 exule
1156 2453 1223 2509 red-

116 2527 211 2582 dendo
240 2529 432 2583 consultatios
470 2528 587 2582 Cbumni
603 2532 635 2582 in
652 2529 829 2585 domesticum
848 2529 1042 2583 contumeliae.
1077 2531 1166 2580 Ilinae
1189 2523 1224 2580 dc

114 2597 1222 2741 ibiibi-0⁸::libii-tibitibi<¹33‘¹²62'‘ltili‘ttltib‘ilffz

111 2739 149 2792 dc
168 2757 225 2792 sua
247 2737 392 2792 viduitate
402 2738 589 2812 filiorumque
604 2741 725 2794 orbitate
743 2692 929 2814 queritisonia.
964 2739 1149 2790 Dotnests'cum
1170 2753 1223 2788 ne-

109 2811 205 2878 gteess·
232 2809 325 2880 officii
351 2809 480 2879 coarguit
500 2808 551 2879 (4).
596 2812 640 2862 Ea
668 2824 694 2863 et
713 2811 880 2881 patriarcba
899 2809 1109 2880 praesentibus,
1130 2807 1220 2858 diser·

108 2881 225 2932 siut-ie
244 2878 429 2946 suspicionem
448 2879 575 2950 affectati
594 2882 705 2947 imperii
723 2903 740 2934 a
758 2900 785 2934 se
805 2882 919 2950 depellit
962 2880 1054 2930 Aliter
1071 2876 1220 2946 adguber-

110 2951 228 3004 aaeula
245 2947 402 3001 rediturum
421 2962 523 3018 negat,
543 2952 599 3002 nisi
612 2953 777 3020 imperatrix
786 2951 875 3025 fidem
891 2945 1015 3006 dederit,
1034 2949 1222 2999 calumniato-

108 3023 198 3072 ribus
219 3038 282 3072 nan
299 3018 470 3072 credituram
487 3021 535 3087 (5).
573 3023 714 3095 Utrimque
731 3025 851 3074 iuratur.
888 3015 1069 3073 istrateidem
1091 3016 1221 3086 patriar-

108 3091 186 3142 ciuse
206 3091 258 3158 (6).
299 3089 456 3142 Sismanum
477 3092 633 3144 Moesorum
651 3093 713 3160 regi
731 3094 869 3161 repetenti
887 3091 985 3143 abnuit
997 3105 1113 3156 magnus
1126 3085 1220 3138 dome·

110 3161 226 3220 stitus,
254 3159 334 3212 cuius
350 3156 503 3228 prudentia
521 3179 549 3214 se
569 3163 680 3226 ingenti
699 3175 773 3214 metu
789 3164 954 3222 liberatam,
981 3175 1040 3212 cum
1058 3156 1222 3227 proceribus

109 3231 250 3284 laetatur
268 3231 433 3296 imperatrix
449 3228 498 3300 (7).
537 3229 613 3296 Quid
625 3233 739 3285 nsilitem
757 3235 912 3302 segniorem
922 3231 1050 3302 fecerit·
1078 3226 1220 3280 Patricius

110 3299 372 3370 quidamaabettto
389 3299 429 3352 ad
444 3318 522 3354 usum
539 3304 584 3353 rei
592 3301 724 3370 publicae
736 3299 872 3371 grandem
881 3303 1027 3372 pecuniam
1042 3298 1128 3369 offert.
1164 3294 1222 3346 Sti-

110 3367 225 3440 pendia
242 3383 272 3422 ct
290 3366 396 3423 reditus
417 3371 534 3424 militum
554 3374 707 3441 explentur.
743 3369 789 3424 Ad
811 3389 933 3440 pugnarn
952 3367 1054 3420 ardent
1071 3368 1160 3418 animi
1171 3365 1219 3426 (8).

115 3443 297 3494 maiascus
314 3439 517 3510 imperatricem
536 3442 569 3495 de
586 3443 651 3513 filio
669 3445 776 3496 Ioanne
792 3441 955 3495 coronando
968 3451 1059 3490 monet
1076 3450 1102 3488 et
1119 3447 1220 3488 contra

112 3511 330 3564 ratiocinantes
346 3511 458 3580 resistat·
495 3511 604 3578 Lydiae
629 3527 760 3582 satrapae
780 3513 928 3566 Tltracians
945 3509 1105 3561 incursanti
1122 3522 1222 3560 occur·

112 3583 202 3634 rieur-
242 3582 414 3634 &metticae
433 3584 465 3632 in
483 3581 651 3636 occidentem
664 3582 815 3644 ducturus,
835 3601 895 3635 cans
907 3579 1033 3634 Orobane
1043 3595 1137 3646 pacem
1153 3579 1220 3628 iun·

114 3654 165 3720 git.
205 3654 330 3704 Mentem
350 3652 536 3722 imperatricis
553 3669 587 3705 ec
603 3655 918 3725 patriarclsaeaplorat.
955 3651 995 3701 Ab
1009 3645 1215 3701 endemlauda

112 3735 163 3774 tur
181 3717 345 3792 blandeque
363 3735 511 3784 monetur,
537 3740 571 3775 ne
593 3743 622 3778 se
649 3725 783 3798 conficiat
807 3726 894 3777 tantis
923 3717 1082 3803 laboribus,
1110 3736 1165 3771 neu
1185 3714 1219 3766 dc

109 3804 450 3928 creberet„
464 3793 1219 3934 {sternenturonttccncscccc.

110 3947 190 3986 sores
207 3947 236 3988 et
256 3929 405 4002 praesidia
425 3930 465 3984 ad
479 3935 682 4002 expeditionem
700 3949 865 3988 evocantur.
902 3937 1014 3986 Moesus
1029 3927 1149 4000 foedere
1174 3930 1219 3979 iss·

112 4018 223 4058 novato
249 4001 364 4056 domum
392 4003 456 4055 abio
500 4007 603 4058 Fertne
623 4005 821 4075 praedabundi
840 4003 917 4074 apud
934 4002 1130 4056 Chersonesum
1151 4013 1218 4046 cne-

106 4073 236 4134 darw,
251 4075 415 4140 jugantur.
451 4073 634 4140 Apocaucbus
658 4075 809 4144 tyrannidi
831 4074 943 4128 studens
981 4065 1220 4140 deprehenditur:

106 4165 138 4196 ns
149 4165 251 4198 arcens
272 4161 356 4196 sesam
364 4143 502 4210 Epibatas
512 4145 646 4213 confugit.
683 4149 866 4201 Domesticum
883 4144 916 4199 a'e
930 4161 1023 4196 rerum
1035 4142 1220 4194 humanarum

104 4217 309 4268 mutabilitate
318 4211 460 4270 admonet.
471 4215 542 4268 Eius
548 4217 625 4285 pium
635 4235 669 4270 ac
676 4216 795 4270 solidum
805 4231 963 4287 responsum
976 4215 1040 4282 (ιο).
1061 4211 1158 4263 latini
1167 4207 1220 4258 Pe·

102 4289 307 4353 loponnentes
327 4299 357 4338 se
375 4283 528 4342 subiiciunt
547 4303 606 4340 cum
629 4285 856 4344 conditionibus.-
879 4303 997 4362 quorum
1014 4283 1102 4356 legati
1123 4298 1141 4335 a
1166 4273 1220 4333 do-
