2886 4948
173 335 181 368 ι
338 321 621 390 ιιιειοιιλιιιιιι
650 329 704 390 ιιι.
725 327 777 418 οι.
1016 297 1100 386 385

50 493 78 556 δέ
95 485 109 554 ὅ
125 491 216 576 μέγας
241 491 311 556 inei
328 490 430 573 μάθοι
449 489 525 567 τούς
546 493 729 578 βαρβάρους
750 474 896 570 ἐπιόντας
904 546 914 576 ,
948 497 1007 564 δύο
1039 499 1173 564 τῶνλῦ.
1186 503 1252 574 ιλλλ

50 595 178 674 τριηρέων
212 593 246 656 έν
276 591 488 676 Θεσσαλονίκῃ
513 591 718 674 καταλιπών,
753 592 929 659 ἀπέπλευσε
950 605 1019 671 ταῖς
1039 599 1107 661 ἔπι-

49 695 145 766 λοίιιοις
165 695 209 766 εἷς
228 689 411 771 Βυζάντιον,
433 692 540 769 δείσας
568 690 612 773 μὴ
641 687 703 754 ὑπό
725 715 759 754 τε
780 692 1035 780 τῶνβαρβάρων
1055 701 1111 762 κατ’

50 793 176 870 βασιλέως
190 792 225 854 έν
235 791 446 876 Θεσσαλονίκῃ
462 797 663 874 πολιορκοῖτο.
685 788 805 876 Ἀμούρ
821 794 856 856 δέ
867 796 984 883 Εὐβοίᾳ
1004 797 1109 859 iudea·-

38 885 141 971 5ιριβων
155 886 209 953 διὰ
227 891 291 952 τοῖν
315 889 439 968 α’νέμαιν
457 884 514 971 τὴν
536 887 726 968 α’ντίπνοιαν,
748 893 973 976 ἐδυσχέραινεν
998 894 1055 956 ου’κ
1070 894 1110 956 oi-

51 990 145 1063 νειτιῆς.
158 985 287 1068 συμβὰν
300 989 334 1052 δέ
348 1013 377 1050 τι
393 986 447 1050 καί
460 989 566 1071 ἕτερον
575 989 614 1052 ου’
628 993 762 1073 μετρίως
776 987 902 1053 ἔπειθεν
914 992 1109 1074 α’γανακτεῖν.

55 1088 77 1147 ἐι
85 1089 134 1172 γὰρ
150 1090 295 1152 Πτελεοῦ
315 1089 425 1151 πλοίου
443 1090 676 1172 συλληφθέντας
692 1090 832 1186 καέιτῶν
845 1086 1057 1171 αἰχμαλώτων
1071 1085 1111 1154 ἆ·
1184 1107 1187 1114 ⁴

56 1189 161 1262 νομένων
182 1184 261 1269 πρὸς
287 1182 402 1265 αὐτὸν,
435 1182 648 1266 ἐπυνθάνετο,
680 1184 713 1249 εἴ
729 1211 760 1250 τι
785 1188 897 1251 εἰδεῖεν
918 1188 993 1274 περὶ
1017 1195 1112 1272 βασιι

54 1285 114 1359 λέος.
152 1282 180 1348 oi
200 1286 228 1346 δ’
249 1282 400 1370 ἔφασαν,
436 1281 485 1348 δτι
506 1287 601 1348 τινῶν
622 1288 657 1350 ἐκ
680 1287 909 1370 Θεσσαλονιλιῃς
930 1287 1112 1373 ἀφιγμένων

33 1379 107 1464 ιοιρός
134 1378 252 1459 αὐτούς
280 1379 450 1465 πύθοιντο,
494 1383 539 1457 ὡς
568 1383 585 1444 ὅ
618 1385 717 1467 μέγας
749 1383 826 1462 dori}
865 1386 983 1469 πολλὴν
1026 1379 1111 1470 ἄγων
1146 1458 1149 1466 ,

48 1481 154 1562 δύναμιν
176 1478 310 1565 ἱππικήν
331 1505 364 1546 τε
386 1479 456 1563 ἅμα
491 1483 546 1546 καί
574 1481 671 1566 πεζὴν
695 1487 750 1547 καί
777 1487 909 1570 Πέρσας
929 1483 1006 1550 κατὰ
1031 1510 1114 1567 ouu-

46 1583 164 1663 μυχίαν,
182 1587 317 1664 βασιλεῖ
331 1585 376 1670 τῷ
400 1583 656 1670 Κοντακουζηνῃῖ
685 1581 957 1668 έπιστρατεέσειεν
986 1579 1053 1650 ὄντι
1080 1587 1146 1650 ένῦ

46 1677 177 1768 Βερροίρ·
211 1681 308 1768 πλέον
339 1682 374 1746 δὲ
405 1683 506 1764 μηδὲν
536 1681 665 1746 εἰδέναι.
707 1680 781 1746 ὅδὲ
803 1685 838 1746 έκ
859 1688 921 1747 τῶν
941 1687 1115 1767 λεγομένων

45 1776 251 1861 στοχαζόμενος
272 1781 306 1844 ἐν
331 1778 429 1861 ἀγῶνι
453 1772 535 1842 εἶναι
554 1781 714 1860 βασιλέα,
738 1783 859 1861 μᾶλλον
880 1783 1114 1866 ἐδυσχέραινεν,

20 1871 80 1938 oin
95 1876 135 1962 μὴ
153 1881 279 1960 ταχέως
297 1872 363 1960 εἶχε
381 1883 525 1961 βοηθεῖν.
567 1881 603 1941 έιι
623 1883 688 1943 τοῖν
709 1873 845 1962 ἀρίστων
875 1882 909 1944 δὲ
941 1887 1004 1944 τῶν
1024 1885 1115 1965 Περ·

43 1978 93 2037 ouis
110 1976 276 2061 ἐκκλησίαν
296 1979 511 2061 συναθροίσας
532 1979 587 2040 καί
606 1977 775 2062 παρελθών
796 1975 892 2054 odric
913 1981 956 2053 εἰς
975 1982 1093 2060 μέσους
1104 2029 1115 2060 ,

43 2071 108 2152 ἔλεξε
122 2077 240 2142 τοιάδε.
281 2073 426 2159 ,πολλὴν
450 2069 560 2140 ἄνοιαν
581 2074 641 2158 ἐγώ
661 2077 716 2140 καί
736 2079 1039 2161 ἄνανδρίανέιιείνου
1061 2103 1113 2141 κα·
1176 2127 1179 2142 .

42 2179 268 2262 ταψῃφισαιζαῃν
289 2170 349 2255 δν,
385 2169 471 2250 ὅστις
500 2176 558 2239 έπί
573 2200 604 2238 τι
626 2175 833 2260 ὡρμημένος,
853 2178 896 2260 μή
920 2176 1020 2242 πάντα
1043 2175 1119 2241 δεδι

43 2299 107 2358 τερα
126 2272 231 2358 ἡγοῖτο
239 2326 250 2356 ,
284 2279 366 2360 μηδὲ
390 2279 495 2339 πᾶσαν
518 2279 658 2359 φαίνοιτο
679 2275 823 2361 σπουδιγν
844 2277 1116 2359 ἐπιδεικνύμενος,

15 2367 110 2438 ustiure
137 2369 226 2458 ἄγειν
248 2377 293 2448 είς
322 2372 414 2460 ἔργον
442 2371 480 2438 τοὶ
503 2378 748 2458 βεβουλευμένα.
790 2379 819 2440 εἰ
837 2374 899 2460 γὰρ
920 2381 1030 2456 μέλλοι
1051 2386 1117 2452 τοῖς

42 2477 135 2552 μὲνέκ
151 2479 209 2538 τοῦ
230 2471 351 2561 ρ’ᾴστου
375 2477 620 2559 περιγινομένοις
641 2476 835 2560 ἐπιχειρεῖν,
859 2471 898 2540 ἂν
922 2480 957 2540 δέ
980 2501 1012 2539 τι
1032 2491 1150 2559 ouer-D

41 2574 122 2660 βαίνῃ
142 2569 295 2654 κώλυμα,
326 2567 347 2657 ἢ
374 2569 571 2638 παντάπασιν
603 2574 836 2659 ἀπαγορεύειν,
860 2568 880 2658 ἢ
906 2569 1034 2654 ἀμελεῖν
1051 2601 1116 2655 μα-

42 2669 233 2754 λοκιζόμενον
270 2670 326 2734 καί
344 2673 522 2766 περιμένειν
554 2669 611 2758 τήν
635 2668 697 2737 ἀπὸ
728 2677 791 2738 τῶν
813 2673 1005 2760 πραγμάτων
1024 2671 1118 2756 έκβα·

103 2841 139 2877 ιο.
159 2817 252 2878 odedu
269 2825 317 2876 καλ
338 2822 481 2878 niueam
500 2827 526 2880 P.
657 2857 667 2884 ι

42 2981 95 3042 ubi,
117 2987 207 3038 sentis
226 2982 370 3036 contrariis
396 2979 585 3052 surgentibus,
618 2999 666 3053 per
693 2979 751 3035 dies
778 2999 835 3036 non
860 3001 959 3052 paucos
985 2981 1117 3039 substitit.

41 3057 142 3123 Magum
161 3055 227 3118 dux,
263 3055 365 3106 infesto
384 3053 559 3106 barbarorum
580 3053 699 3106 adventu
722 3055 756 3106 ad
776 3071 804 3106 se
824 3055 939 3123 perlato,
959 3055 1118 3118 formidans,

41 3142 70 3176 ue
94 3134 121 3178 et
141 3127 176 3177 ab
202 3126 259 3178 iilis
288 3132 317 3176 et
332 3125 366 3177 ab
385 3125 549 3193 imperatore
568 3123 781 3178 Thessalonicae
800 3123 990 3188 obsideretur,
1011 3123 1119 3178 duabus

41 3194 92 3246 idio
113 3195 273 3249 triremibus
298 3196 417 3254 relictis,
445 3211 506 3247 cum
531 3195 628 3247 ceteris
655 3195 815 3265 Byzantium
841 3196 955 3246 traiecit.
991 3192 1119 3264 Amprius

42 3281 99 3318 sero
115 3269 206 3318 ventis
222 3265 342 3318 adversio
358 3267 387 3315 in
405 3265 517 3318 Euboea
535 3273 673 3328 retentus,
698 3266 838 3318 mirificam
857 3267 950 3316 animo
977 3266 1120 3318 tristitiom

40 3336 179 3404 capiebas,
200 3351 283 3406 quem
301 3343 429 3388 eventum
448 3333 587 3406 quoddam
605 3353 661 3388 uon
684 3329 815 3390 mediocri
835 3335 1025 3405 indignatione
1043 3353 1120 3387 eona·

41 3405 130 3472 plevit.
175 3407 308 3458 EPteieo
331 3421 394 3458 ιιιιοι
417 3424 450 3457 ue
479 3415 557 3475 capta
583 3423 650 3458 nave
676 3413 703 3458 et
730 3407 844 3478 captivis
864 3407 897 3458 od
916 3423 976 3458 eum
996 3403 1121 3460 adductis

42 3477 187 3528 sciscitatus
210 3484 274 3538 est,
299 3479 322 3528 si
349 3424 418 3547 quid
442 3476 476 3528 de
502 3479 667 3545 imperatore
685 3487 804 3530 nossent.
840 3477 885 3528 Illi
906 3486 1073 3538 memorent,
1091 3491 1121 3530 ae

41 3543 70 3598 de
87 3547 199 3600 advenis
219 3547 509 3600 'Thessalonicensibus
528 3547 646 3609 audisse,
659 3564 784 3618 magnum
803 3547 898 3600 docem
918 3545 1023 3614 ingenti
1041 3548 1123 3618 equi·

42 3623 93 3668 tum
116 3618 297 3688 peditumque
319 3633 452 3680 numero,
477 3617 612 3670 adiunctis
640 3617 704 3670 item
725 3621 826 3680 Persis,
852 3619 880 3670 in
903 3617 1122 3668 Cantacuzennrn

42 3687 108 3754 apud
134 3689 300 3742 Bereboeam
327 3689 532 3757 profecturum
555 3687 627 3740 nibil
650 3689 767 3757 amplius
790 3690 958 3758 comperisse.
997 3689 1123 3741 rimuriue

41 3754 100 3809 bine
126 3758 275 3828 colligens,
300 3759 355 3810 iarn
381 3773 443 3810 eum
467 3759 496 3810 iu
518 3759 610 3810 medio
634 3760 735 3814 versari
754 3761 914 3821 certamine,
933 3757 1123 3812 vehementius

41 3827 177 3890 indoluit,
194 3830 268 3898 quod
289 3831 314 3880 ei
335 3836 442 3880 mature
460 3844 615 3882 succurrere
635 3846 691 3881 nun
710 3837 809 3902 posset.
834 3830 941 3881 Deinde
959 3829 1123 3899 optimatum

42 3913 145 3950 suorum
165 3907 328 3952 conuentum
350 3900 406 3966 egit
425 3907 507 3969 atque
536 3901 566 3952 in
594 3899 713 3952 medium
732 3916 901 3968 progressus,
926 3897 1122 3952 honoratione

42 3985 100 4020 usus
119 3979 170 4026 est.
211 3971 274 4023 tteo
298 3967 411 4040 quidem
435 3969 539 4022 iudicio
560 3987 692 4042 perquam
711 3985 803 4021 amens
826 3979 854 4021 et
870 3969 982 4034 ignavus
1001 3969 1052 4030 sit,
1073 3965 1124 4037 qui

42 4039 78 4088 rei
104 4040 257 4106 cuiuspiam
281 4048 407 4106 strsoepto
436 4042 594 4104 voluntate,
621 4057 675 4092 non
697 4043 787 4092 omnia
808 4041 832 4090 ei
853 4041 1012 4106 postponit,
1034 4055 1125 4110 neque

43 4105 74 4158 ad
101 4109 254 4162 deliberata
281 4107 448 4180 perficienda
476 4127 605 4162 ιιιιιιιιιιιιιι
634 4112 836 4164 contentionem
856 4107 976 4160 adhibeo
1014 4109 1081 4160 Nam
1101 4109 1124 4160 si

43 4176 110 4230 iaetu
139 4179 252 4251 quidem
276 4181 406 4232 facillima
427 4197 605 4250 aggressurus
624 4183 677 4242 sit,
702 4180 900 4247 impedimento
921 4187 1010 4230 auteur
1029 4180 1125 4248 aliquo

44 4249 152 4312 obtato,
180 4257 228 4302 aut
247 4252 362 4303 omuino
392 4249 532 4321 desperet,
550 4259 599 4304 aut
615 4251 753 4306 emollitus
772 4250 893 4320 negligat
911 4259 940 4303 et
956 4263 1045 4302 rerum
1065 4249 1126 4300 exi·

78 4351 284 4408 Cantncusenus
304 4349 340 4406 11.
893 4353 927 4404 25
