2986 4936
376 361 821 439 nummorumque.
1064 335 1147 455 53η
1190 373 1193 384 ·

73 516 386 606 ἀργορσλσγήσοοσαν
405 517 482 598 τοάς
503 517 672 603 ίμαόροος.
711 517 757 598 ἀς
775 520 813 586 or
839 515 943 586 πάντα
969 519 1297 606 δξηλάγχετολοσλςλ

72 617 171 704 ἀπάτη
192 620 250 685 καί
272 615 471 707 φενακισμοί,
490 621 546 685 καί
563 618 674 696 πάνιες
693 610 756 706 ήδη
781 613 860 706 πρὸς
889 611 987 684 oriris
1007 612 1153 686 ἀπίστω-

71 740 140 782 πτον
159 719 289 800 ἀδεάς,
304 715 410 795 δείσας
428 715 475 804 μή
501 741 533 786 τι
551 719 743 807 νεωτερισθῇ
761 716 836 804 περί
857 714 976 802 atses,
996 719 1152 800 ίσιτίψατο

71 818 169 884 πᾶσαν
186 814 246 901 τήν
266 811 403 898 δύναμιν
422 817 469 894 ελς
487 814 544 902 τήν
566 813 734 885 aarum
753 816 899 902 μετάγειν
920 820 977 882 καί
996 813 1074 904 πρὸς
1095 843 1150 883 το-

57 908 198 1001 tuamor
226 913 287 1000 τήν
314 897 472 982 πολιτείαν
497 919 662 1008 μεθτστήν.
711 913 767 984 καί
791 917 902 1001 πράτα
918 919 978 999 μὲν
1004 913 1198 984 morrono*

72 1013 295 1099 συστήσασθαι
319 1018 376 1081 καί
394 1015 537 1102 ὁπλίτας,
561 1017 618 1084 καί
635 1014 761 1094 τοάτοις
779 1013 860 1104 πρός
879 1039 915 1082 τε
936 1014 994 1093 τάς
1012 1016 1154 1103 τριήρεις

71 1114 207 1198 χρῆσθαι
232 1117 291 1180 καί
315 1113 395 1200 πρὸς
422 1113 568 1202 φροοράν
587 1116 725 1200 οίκείαν,
752 1114 805 1182 λ’νο
822 1111 868 1200 μή
889 1112 1152 1203 ίπτβοολεάηται,

73 1211 121 1278 καί
137 1216 266 1294 ἀμελεῖν
284 1215 344 1295 μὲν
363 1215 543 1280 παντάπαστ
561 1217 618 1300 τής
638 1207 790 1301 ήπείροο,
824 1211 927 1302 νήσων
953 1216 988 1280 δὲ
1019 1211 1153 1298 ἔχεσθαι

74 1308 120 1376 ταί
138 1309 317 1397 θαλάσσης,
336 1311 393 1377 καί
411 1313 610 1392 Βυζαντίοις
629 1315 665 1382 ἀν
682 1312 843 1400 θαλάττης
860 1315 1039 1400 τρέφεσθαι
1058 1316 1154 1378 καθι-

52 1409 140 1496 10οιηῖν
159 1412 433 1496 ἐμπορευομένοις
456 1421 527 1488 ταλς
549 1417 659 1478 ναυσί·
701 1412 782 1499 πρὸς
804 1411 926 1490 τοάτοις
946 1414 983 1478 δὲ
1004 1409 1062 1476 καί
1077 1408 1154 1488 τοάς

74 1504 210 1591 χρήματα
226 1506 358 1593 ἔχοντας
378 1512 412 1575 ἐν
430 1511 598 1599 Βυζαντίῳ
617 1509 674 1576 καί
691 1513 753 1578 τάν
771 1510 995 1598 συγκλητικῶν,
1014 1504 1085 1575 ὅσοι
1102 1506 1154 1575 ἔτι

76 1605 287 1691 ἀπελείποντο,
317 1611 353 1674 ἐν
379 1607 604 1694 δεσμωτηρίοις
631 1614 841 1693 κατακλείειν,
890 1609 931 1676 tv’
951 1605 1031 1692 ὁμοῦ
1050 1632 1086 1674 τε
1113 1609 1154 1674 ἀ-

76 1703 272 1772 παλλάττοιτο
293 1711 350 1772 sori
376 1710 481 1786 δέους,
512 1709 640 1794 (ἐδεδίει
659 1705 722 1795 γὰρ
742 1706 789 1794 μή
810 1706 1005 1793 ἐθελήσωσιν
1028 1703 1155 1793 εἰρήνην

76 1805 213 1872 τίθεσθαι
232 1805 316 1890 πρὸς
343 1803 606 1892 Καντακοοζηνόν
637 1804 692 1872 τάν
711 1807 873 1893 βασιλέα)
903 1805 960 1872 καί
983 1804 1158 1890 χρημάτων

51 1892 214 1990 Ι5ετλποροτή
244 1902 327 1990 πρός
354 1919 389 1972 τι
415 1901 452 1970 si
485 1901 645 1972 ὁπλιτικὸν
672 1910 728 1972 καί
754 1904 811 1981 τὰς
829 1906 990 1991 τριήρεις,
1017 1901 1056 1970 τοὶ
1073 1905 1154 1968 ἐκεί.

76 2023 128 2076 νων
154 2002 360 2092 ἀφελόμενος.
388 1999 426 2069 ori
450 2002 516 2090 μήν
546 2007 584 2070 δὲ
603 2003 660 2070 καί
676 2009 739 2071 τῶν
757 1998 881 2089 ἄλλων,
904 2000 973 2068 ὅσοι
991 2001 1150 2087 μνησθέν-
1163 2001 1249 2073 Ροθὸἀ

75 2123 118 2176 τις
134 2102 286 2190 πρότερον
317 2100 461 2190 εἰρήνης,
482 2107 518 2170 δν
546 2113 616 2184 ταῖς
643 2106 756 2180 οἰκίαις
783 2102 839 2170 ἀπ’
859 2105 979 2168 ἐκείνου
998 2103 1155 2168 κατεκλεί-

75 2203 207 2287 σθησαν,
234 2196 259 2290 ή
288 2205 324 2270 ἐν
343 2206 588 2291 φροντιστηρίοτς
609 2199 755 2289 ἀπρόϊτστ
771 2201 1010 2288 καθειργνοντο,
1028 2199 1156 2266 πάντων

76 2296 123 2374 τίς
148 2303 274 2380 οάσίας·
295 2302 473 2388 ἀφελέσθαι
504 2299 583 2384 μετά
617 2299 655 2368 τά
692 2305 739 2378 εἰς
771 2294 984 2388 δεσμωτήρια
1009 2299 1155 2386 ἀγαγεῖν·

50 2394 214 2486 σαπρότερον
234 2397 301 2486 γὰρ
322 2398 460 2478 ἐκεινοις
480 2401 594 2486 ὀλίγων
617 2405 710 2468 τινοῖν
729 2403 940 2488 ἀπεστέρησεν
959 2402 995 2465 ἐκ
1014 2403 1072 2485 τής
1094 2393 1156 2466 ori-

79 2495 158 2573 σίας·
197 2495 274 2568 τίκα
302 2502 359 2566 καί
384 2509 449 2578 τοῖς
478 2494 585 2578 ἀλλοις
614 2494 716 2568 ἀποστ
738 2501 861 2587 φόρους
884 2499 979 2580 τάξαι
996 2496 1156 2585 ἒτηστλιος,

78 2588 165 2671 teris
189 2600 465 2686 χρηματιζόμενος
493 2603 665 2689 διαθρίψει
683 2599 718 2668 ssi
738 2597 898 2668 ναυτικόν.
938 2596 1155 2684 δεσμωτήριον

81 2695 109 2758 δὲ
126 2698 156 2762 ἐν
172 2709 237 2777 τοῖς
261 2697 433 2781 βασιλείοις
448 2703 691 2768 Κανσταντίνοο
712 2703 770 2768 τοῦ
796 2694 937 2785 μεγάλου
959 2695 1063 2774 κοινόν
1082 2717 1155 2762 πατ-

84 2801 119 2858 tit
136 2800 298 2866 διενοεῖτο.
340 2798 428 2866 οίκοο
447 2797 510 2887 γάρ
532 2793 622 2877 ὄντος
646 2803 716 2868 ἐκεί
737 2799 877 2884 μεγάλοο
900 2799 1154 2870 tormentantur

139 2917 158 2954 r.
175 2901 364 2972 ἐξηλέγχοντο
383 2900 411 2957 Ρ.
485 2903 522 2956 sti
536 2891 605 2954 ἀλλά
624 2909 689 2972 post
707 2900 739 2956 ar
756 2901 818 2956 sdrt
840 2902 870 2961 Ρ.

84 2977 282 3056 impensiones
302 2995 461 3042 exacturam
475 2988 614 3042 firmasset
634 2989 671 3041 At
687 2987 737 3042 ubi
755 2986 847 3042 omnis
863 2985 1016 3042 transisset
1032 2986 1155 3044 ludibria

84 3067 173 3122 reperta
189 3066 256 3112 snut
276 3064 305 3111 et
320 3057 395 3130 volgi
413 3059 467 3110 iarn
487 3057 580 3112 fabula
597 3057 671 3124 fuit,
691 3055 852 3122 formidans,
869 3074 905 3111 ne
923 3057 992 3140 quid
1010 3057 1156 3111 adversum

83 3135 106 3172 tt
126 3144 210 3182 sorum
228 3145 360 3182 novarum
379 3132 512 3193 oriretur,
530 3132 682 3199 potentiam
699 3146 776 3190 susm
796 3143 905 3182 omnem
925 3143 955 3180 ιιτ
973 3144 1048 3180 more
1065 3135 1156 3180 trans·

83 3191 142 3250 serre
158 3207 186 3252 et
202 3199 331 3271 politiam
350 3201 379 3254 in
398 3199 569 3268 tyrannidem
587 3207 691 3254 mutare
710 3198 862 3254 constituit.
897 3199 936 3251 λε
952 3198 1071 3268 primurn
1092 3195 1156 3270 qui-

83 3259 135 3318 rlens
158 3269 270 3324 oiasaenr
301 3274 331 3322 et
353 3270 540 3342 cataphrsetos
568 3286 742 3342 comparare,
771 3285 919 3340 eorumque
942 3283 1053 3337 operam
1077 3273 1107 3318 et
1123 3268 1156 3322 in

82 3335 225 3392 triremibus
253 3347 284 3394 et
309 3337 345 3390 ari
371 3357 468 3411 eorpus
494 3358 575 3394 suum
600 3349 694 3395 contra
713 3339 888 3396 insidiatores
906 3337 1054 3394 tutandum
1072 3335 1155 3389 adhi-

80 3399 152 3458 irsres
178 3413 365 3465 continentem
391 3413 502 3484 penitus
531 3415 698 3484 ponttusque
726 3411 876 3482 negligere:
900 3426 1015 3480 seseque
1035 3409 1066 3461 in
1086 3405 1155 3459 mari

80 3479 105 3524 st
117 3477 210 3534 insulis
228 3490 343 3545 tenere,
367 3490 397 3538 et
413 3481 449 3535 ad
470 3483 612 3550 Byzantios
631 3497 771 3553 perorare
791 3479 904 3532 alendos
928 3479 1052 3532 nauticas
1070 3495 1154 3548 nego-

81 3543 196 3602 tiationes
221 3550 359 3604 inducere.
404 3551 446 3606 Ad
470 3551 538 3606 haec
565 3562 595 3608 et
621 3553 670 3624 qui
692 3552 824 3606 nummati
853 3557 945 3604 essent
961 3549 1101 3620 Byzantii,
1125 3555 1156 3602 et

79 3623 205 3688 quotquot
229 3627 363 3676 restarent
386 3638 528 3690 proceres,
554 3625 585 3678 in
603 3639 736 3676 carcerem
754 3619 935 3684 contrudere,
953 3627 984 3671 ut
1001 3627 1030 3672 et
1054 3619 1154 3673 timore

79 3697 190 3764 tonaret,
207 3691 361 3758 (metuebat
377 3709 514 3765 uanaque,
532 3712 567 3747 ue
584 3711 645 3748 conr
665 3693 853 3747 Cantacuzeuo
872 3708 966 3760 pacoro
985 3690 1111 3757 inirent)
1125 3695 1156 3742 et

80 3757 139 3820 rpsis
164 3761 305 3828 spoliatis,
333 3763 450 3831 pecunia
482 3765 518 3817 ad
544 3765 681 3836 stipendia
704 3763 735 3815 in
758 3761 945 3832 cataphractos
972 3765 1002 3812 et
1029 3760 1155 3812 triremes

79 3835 235 3908 'oppeteret
273 3831 350 3902 Quin
374 3835 457 3888 etism
476 3836 593 3889 aliorum
610 3836 750 3897 omniurn,
775 3838 912 3903 quotquot
929 3831 996 3882 alias
1013 3829 1155 3882 mentione

80 3906 145 3958 ΡΜ
176 3901 244 3956 iacta
270 3910 319 3956 sut
344 3903 374 3956 iu
404 3905 529 3959 dorn'bus
557 3905 674 3976 propriis
703 3902 738 3954 ab
766 3905 826 3974 ipso
852 3901 951 3953 inclusi
979 3906 1071 3950 essent
1105 3905 1154 3952 sot

80 3973 298 4046 monasteriorum
327 3975 428 4042 septis,
454 3923 602 4036 ‘irrdieto
626 3973 661 4028 sd
689 3989 735 4026 eos
761 3973 853 4035 ndito,
886 3978 1092 4032 coercerentur,
1120 3969 1156 4022 iis

79 4045 148 4118 prqus
171 4041 200 4094 in
230 4059 363 4096 carcerem
391 4044 461 4096 datis
488 4047 631 4100 facultates
656 4043 780 4098 auterre:
802 4059 863 4094 uam
883 4050 947 4094 ante
966 4039 1088 4108 pauxillo
1109 4055 1156 4091 eos

79 4114 230 4168 psrraverat.
266 4114 384 4184 iusuper
400 4117 498 4170 ceteris
519 4116 646 4171 omnibu·
665 4130 769 4168 annuas
795 4112 940 4184 pensiones
959 4109 1158 4180 praescribere,

81 4177 207 4250 §quibus
228 4191 371 4253 quaestum
390 4185 537 4256 colligens,
561 4189 671 4240 classem
689 4191 861 4238 sustentaret.
898 4179 1038 4234 Carcerem
1063 4188 1155 4234 tutem

80 4251 107 4296 *λ
128 4249 226 4316 patruo
245 4255 418 4314 Constantini
437 4257 526 4329 maqoi
552 4273 722 4318 communem
741 4253 886 4314 aedificare
905 4251 1049 4328 cogiubsr.
1086 4251 1155 4308 itam
