2976 4954
320 301 376 390 68
390 349 406 433 ,ι
717 325 1005 393 crnrscumrn

169 499 232 554 λα
244 497 306 568 rttr
318 487 421 550 πονῶν
441 485 496 548 καί
512 479 728 568 μεθ’ἧμέραν,
748 479 828 566 μήτε
845 480 1036 568 χρημάτων·
1062 469 1195 566 (η’νγδρ
1217 479 1256 565 δη
1275 477 1293 546 δ
1312 485 1408 566 μέγας

318 586 502 666 δομὲστικος
530 583 569 646 ου’
595 578 694 662 μόνον
723 579 804 665 πρὸς
826 585 889 646 ταῖν
914 579 1072 666 τριηριιυν
1091 575 1148 662 τὴν
1168 576 1311 664 δαπάνην
1328 578 1408 664 χρη-

317 707 403 764 ματα
436 676 607 754 ἅναλωκιδς
633 678 734 743 πολλοὶ
765 681 882 745 ἐκτῶν
903 681 1017 760 ἰδίων,
1046 676 1126 742 α’λλιὶ
1159 679 1215 741 καί
1233 680 1266 742 έν
1286 683 1410 754 πολλοῖς

267 779 452 864 ῐΒὲτέροις,
473 775 495 842 ἃ
515 779 673 844 συνοίσειν
693 775 803 860 ἔμελλε
828 783 908 843 πᾶσι
935 779 1032 865 κοινῇ,
1064 775 1234 862 φιλοτίμως
1256 768 1338 860 ἄγαν
1357 775 1412 840 καί

317 881 463 960 δαψιλῶς
477 879 712 942 καταναλίσκων
723 875 804 958 μετα
826 875 884 960 την
905 881 1060 958 βασιλέως
1081 875 1252 962 τελευτήν)
1275 872 1428 963 παρῄνει5

316 1002 370 1058 τε,
392 976 436 1060 μὴ
467 973 550 1040 οὕτω
580 985 698 1058 ποιεῖν,
721 975 765 1053 ὥς
786 978 842 1040 usin
864 979 1068 1061 ἐξαρκέσοντα
1089 973 1168 1060 πρὸς
1195 972 1272 1050 τοδς
1297 971 1413 1050 πόνους

317 1073 477 1154 ἔπιπολδ,
503 1069 568 1138 ἀλλ’
601 1071 716 1139 ἑαυτοῦ
744 1099 778 1138 τε
808 1077 955 1160 πρόνοιαν
974 1077 1138 1138 ποιεῖσθαι
1158 1077 1215 1138 καί
1237 1069 1413 1158 χρημάτων

317 1177 499 1259 φείδεσθαι,
511 1169 675 1256 χριόμενον
693 1183 760 1249 τοῖς
774 1173 947 1257 δημοσίοις.
970 1173 987 1236 δ
1011 1174 1038 1236 δ’
1054 1170 1174 1255 ἔφασκε
1195 1173 1317 1252 μᾶλλον
1336 1167 1411 1256 ἥδε-

319 1279 401 1338 σθαι
430 1275 533 1338 πονῶν
563 1271 660 1348 arietis
686 1269 766 1358 ὑπὲρ
793 1277 857 1337 τῶν
877 1275 965 1360 κοινῇ
985 1271 1246 1348 λυσιτελούντων,
1267 1264 1289 1354 ἢ
1311 1270 1414 1355 ἓτερον

317 1371 398 1457 πρὸς
412 1371 536 1446 ἀνέσεις
550 1374 759 1456 τετραμμένοι
772 1371 828 1435 καί
842 1367 967 1455 ἡδονάς.
993 1370 1037 1451 τό,
1053 1395 1087 1434 τε
1098 1369 1250 1454 χρήματα
1271 1391 1447 1433 κατανα-ιο

318 1470 436 1536 λίσκειν
464 1470 502 1535 οδ
526 1469 656 1552 ζημίαν,
692 1471 771 1536 ἀλλὰ
793 1470 917 1536 πάντων
936 1472 1057 1554 κερδῶν
1078 1471 1227 1553 ἡγεῖσθαι
1246 1469 1417 1551 χαριέστε-

319 1591 400 1656 ρον,
422 1561 518 1652 ἄχρις
538 1562 595 1650 δν,
616 1569 748 1634 euirati
773 1573 852 1634 θεοῦ
875 1569 1129 1654 συναιρομένου,
1158 1566 1216 1651 την
1240 1563 1413 1648 Ῥωμαίων

319 1669 489 1751 ἡγεμονίαν
518 1671 573 1732 ἐπί
608 1673 689 1751 μέγα
719 1667 782 1732 ἴδοι
812 1670 981 1754 αἰρομένην
1013 1668 1068 1730 καί
1086 1665 1213 1730 πάντων
1233 1669 1417 1750 κρατοῦσαν

296 1765 494 1847 cantantur.
536 1765 672 1845 ἐλπίζειν
694 1769 730 1832 δὲ
749 1767 828 1846 μετὰ
847 1763 986 1850 μικρὸν,
1018 1766 1049 1828 εἰ
1065 1763 1110 1850 μή
1125 1791 1158 1830 τι
1180 1759 1312 1846 κώλυμα
1332 1789 1418 1844 συμ-

320 1867 416 1949 βαίη,
438 1869 577 1930 τοσαῦτα
589 1865 759 1947 Ῥωμαίοις
776 1863 975 1951 ὠφελήσειν,
1000 1859 1060 1928 δσα
1073 1864 1129 1928 καί
1148 1863 1250 1948 αὐτην
1271 1862 1450 1947 δρῶσαν,ιὸ

320 1969 386 2051 θεῷ
424 1961 562 2047 χάριτας
595 1963 757 2047 ὁμολογεῖν
787 1966 830 2053 τῷ
852 1967 993 2052 συνεργῷ
1012 1968 1075 2029 τῶν
1096 1967 1211 2027 καλῶν.
1253 1964 1294 2026 ου’
1314 1967 1417 2046 μικρὰ

320 2058 379 2148 γάρ
400 2087 471 2127 τινα
498 2066 697 2130 διανοεῖσθαι
725 2063 981 2148 παρασκευάσειν
1000 2067 1059 2129 τοῦ
1078 2066 1247 2145 χειμῶνος,
1273 2060 1317 2136 ὥς
1345 2056 1417 2142 δι’μα

321 2156 378 2246 ἦρι
409 2160 545 2236 πολλοὺς
572 2165 635 2226 τῶν
664 2159 815 2246 πρότερον
842 2161 922 2226 κατὰ
959 2159 1126 2242 Ῥωμαίων
1164 2163 1418 2244 θρασυνομένου

323 2256 509 2344 ὑποφόρους
530 2261 585 2324 καί
606 2263 751 2324 δουλείαν
774 2257 1005 2343 ὁμολογοῦντας
1015 2265 1145 2341 βασιλεῖ
1157 2257 1325 2340 Ῥωμαιοιν
1337 2253 1418 2322 ἅπα-

324 2357 446 2436 δείξων.
489 2356 543 2421 καί
562 2361 695 2423 τοιαῦτα
717 2357 808 2444 ἕτερα
828 2359 929 2426 πολλὰ
951 2357 1193 2443 προσιπειπών,
1216 2354 1278 2422 ὅσα
1298 2381 1334 2421 τε
1357 2359 1450 2422 ari-ao

323 2455 377 2531 τὰς
407 2459 553 2520 διενοεῖτο
581 2451 729 2541 πράττειν
756 2461 811 2522 καί
840 2461 990 2538 βασιλίδα
1022 2452 1094 2546 ᾔδει
1125 2451 1306 2522 ἀκούουσαν
1334 2455 1415 2540 πρὸς

323 2553 460 2639 ἡδονὴν,
490 2557 546 2618 καί
574 2561 752 2620 τελευταίαν
771 2553 1021 2636 συνταξάμενος,
1042 2551 1124 2644 ἔξῄει
1144 2553 1327 2634 Βυζαντίου
1350 2551 1410 2636 ἅμα

324 2654 459 2741 στρατιᾷ
478 2655 533 2718 καί
552 2659 614 2720 τῶν
634 2655 830 2741 εὐπατριδῶν
848 2661 993 2737 πολλοῖς,
1014 2654 1073 2740 τὴν
1091 2655 1214 2742 μητέρα
1235 2653 1412 2720 καταλιπὼν

325 2986 465 3058 pecuniis,
485 2986 553 3058 (non
572 2989 645 3038 enim
662 2989 691 3040 in
707 2989 830 3042 triremes
849 2989 989 3042 dumtaxat
1004 2988 1134 3060 pandera
1161 3003 1293 3041 summam
1314 2989 1351 3042 de
1370 3003 1418 3039 sna

326 3056 515 3128 impenderat,
533 3057 628 3110 sedin
655 3060 709 3112 alie
729 3067 869 3130 praeterea
889 3063 996 3122 muita,
1023 3077 1057 3112 ex
1077 3059 1179 3130 quibus
1198 3059 1355 3110 communis
1375 3073 1422 3110 es·

325 3135 440 3199 peretur
457 3128 580 3190 utilitas,
597 3129 769 3198 perstudiose
787 3131 996 3203 liberaliterque
1013 3137 1077 3200 post
1104 3139 1216 3182 mortem
1241 3129 1423 3198 imperatoris

231 3231 234 3236 ,
325 3197 520 3269 impendebat)
536 3198 770 3271 hortabaturque,
790 3211 820 3255 ut
839 3202 873 3255 de
891 3203 1068 3255 contentione
1091 3199 1235 3254 laborandi
1254 3200 1424 3260 remitteret,

327 3286 383 3340 quo
402 3270 474 3322 serre
492 3266 613 3321 laborem
634 3269 738 3322 diutins
758 3281 867 3340 posset,
892 3272 1006 3324 sibimet
1029 3287 1109 3324 curae
1137 3275 1224 3332 esset,
1249 3285 1265 3320 a
1291 3268 1425 3340 pecuniis

326 3341 383 3392 suis
402 3340 571 3402 abstineret,
594 3339 712 3410 publicis
733 3351 863 3400 uteretur.
899 3341 940 3396 Ad
959 3357 990 3394 es
1011 3341 1059 3395 iiie
1077 3341 1151 3396 huno
1169 3342 1199 3390 iu
1219 3339 1354 3406 modum5
1375 3355 1427 3390 so-

325 3410 411 3464 lidius
439 3426 467 3462 se
495 3409 613 3478 gaudere
643 3411 771 3481 gandium
790 3427 840 3482 pro
864 3412 1053 3464 communibus
1071 3411 1263 3463 emolumentis
1281 3411 1429 3464 desuden-

326 3489 399 3544 tem,
415 3497 497 3553 quarn
517 3481 586 3534 elios
606 3482 664 3533 otio
682 3483 874 3552 voinptstiqne
892 3481 1009 3536 deditos.
1048 3481 1129 3552 Quod
1147 3496 1212 3534 vero
1231 3479 1265 3530 de
1293 3498 1344 3532 sue
1371 3497 1427 3550 pe-

328 3553 411 3606 eunis
437 3552 466 3604 in
496 3560 635 3620 sumptum
663 3553 815 3616 conferret,
842 3551 872 3604 id
895 3569 952 3605 nou
978 3551 1193 3612 detrimentum,
1222 3549 1270 3602 sed
1293 3555 1429 3604 omnium

329 3629 491 3691 quaestuum
511 3639 620 3673 censere
639 3621 880 3678 iucundissimum:
901 3623 989 3677 donee
1007 3624 1066 3674 Deo
1085 3623 1157 3674 bene
1175 3623 1347 3682 fortunente‚
1368 3625 1430 3674 lto-

327 3707 470 3744 manorum
501 3693 685 3762 principatum
712 3708 875 3764 magnopere
904 3695 1053 3751 exaltatum
1084 3703 1112 3746 et
1137 3691 1264 3745 omnibns
1291 3690 1430 3745 hostibus

329 3762 384 3813 suis
409 3765 577 3830 superiorein
602 3773 731 3816 cerneret.
774 3765 889 3832 Spernre
920 3774 1027 3826 autern,
1055 3764 1109 3815 nisi
1133 3761 1201 3832 quid
1226 3763 1434 3831 impedimenti

328 3831 524 3895 intervenerit,
543 3835 618 3885 breui
639 3834 708 3885 adeo
729 3835 855 3886 Romanis
873 3835 1065 3903 profuturnm,
1082 3841 1114 3884 ut
1132 3841 1161 3884 et
1179 3834 1238 3900 ipsa
1257 3834 1433 3900 imperatrix

330 3901 361 3953 id
378 3903 503 3959 intuens,
521 3904 579 3960 Deo
599 3903 732 3956 bonorum
751 3907 856 3957 auctori
874 3908 972 3976 gratius
992 3913 1084 3956 actura
1104 3905 1148 3955 sit.
1177 3904 1239 3954 Nori
1258 3903 1333 3954 enirn
1358 3920 1435 3976 par-

328 3972 357 4023 vi
385 3975 517 4023 momenti
553 3974 685 4042 qrrreriunr
712 3991 761 4042 prr
788 3976 904 4026 hiemem
930 3978 1020 4028 moliri
1040 3975 1170 4028 efficere:
1203 3980 1300 4041 utpote
1318 3976 1434 4027 muttos

329 4050 394 4094 ante
413 4041 584 4095 refractarios
604 4053 632 4096 et
649 4043 762 4098 anderes
782 4063 814 4098 eo
834 4049 1001 4110 adacturum,
1021 4057 1053 4098 ut
1070 4063 1099 4096 se
1121 4047 1242 4096 Romano
1259 4047 1438 4114 imperatori

329 4112 490 4166 tributarios
513 4115 695 4169 resurrectos
714 4120 899 4168 confiteantur·
941 4117 1018 4170 Plure
1040 4121 1067 4168 in
1087 4115 1157 4167 hane
1174 4115 1342 4172 seutentiam
1362 4133 1439 4167 nar-

329 4182 425 4244 rabat,
451 4192 479 4234 et
508 4199 578 4251 qnae
607 4188 664 4250 ipse
691 4189 949 4247 versabamur,
978 4195 1006 4241 et
1024 4185 1189 4256 imperatrici
1208 4186 1305 4236 auditu
1326 4188 1440 4253 periu-

330 4251 420 4305 eunde
438 4250 498 4306 iore
515 4269 570 4306 uon
589 4254 740 4323 ignorabat.
778 4258 840 4328 Qus
858 4257 970 4314 tandem
992 4259 1127 4324 salutate,
1143 4256 1274 4327 Byzantia
1293 4271 1358 4310 cum
1377 4275 1440 4312 ex-
