2976 4954
300 233 327 320 8
747 215 959 324 seniaath

298 421 408 499 Annam
426 415 460 472 ds
477 432 546 486 pace
562 413 627 500 oe).
672 413 863 497 ¹Cantaeusens’
877 416 986 496 legante
1000 411 1088 497 fissile
1114 411 1318 498 madeliterque
1334 431 1382 498 aa·

300 483 1384 636 {i‘hlezllie“i'22elssbl‘bulliit-tsi:ttiiiisite'ibt-hld‘it

300 630 383 680 stella
402 630 529 695 Meropes
546 639 572 676 et
590 625 718 686 pecuarii
728 641 756 676 se
772 621 893 690 dedunt5
912 624 1010 693 quibus
1021 625 1191 678 Mamiteslus
1202 625 1383 694 praeficitur.-

268 714 270 730 ¹
300 700 379 754 cicius
398 715 487 750 mores
505 693 699 748 deseribuntur
714 695 780 764 (65).
815 693 1039 758 Didymoeichum
1059 693 1099 746 ad
1112 695 1310 763 Imperatorem
1327 711 1384 748 cum

299 766 414 822 Amurt'o
442 767 531 822 venit,
574 763 712 817 Thraciae
737 765 818 817 urbes
846 763 1032 830 refractariae
1058 767 1229 846 puniuntur.
1273 765 1385 818 Morbus

299 837 416 892 Amurii.
452 833 626 889 Praesidium
646 837 754 888 missum
773 832 996 902 Adrianopolin,
1017 835 1149 907 illiusque
1166 831 1386 902 Didymotichun

301 911 331 962 iu
346 909 404 962 elia
425 906 559 961 excursio.
602 906 730 957 Amurius
746 916 858 958 mortem
872 906 903 956 in
921 905 1055 972 cotfis'ctu
1080 902 1184 958 euadit.
1228 902 1386 957 Ale-'candro

300 983 457 1034 Moesorum
474 977 545 1045 regi,
566 993 618 1044 pro
637 973 747 1026 auxilio
764 970 871 1026 dantur
880 973 961 1026 urbes
972 992 1089 1030 nouem:
1108 975 1167 1027 eius
1179 973 1387 1042 tergiversatio.

304 1053 364 1118 Qua
383 1050 493 1100 ratione
513 1045 656 1098 coniurati
675 1045 806 1097 Persase
828 1043 951 1096 Thracia
975 1043 1091 1098 educere
1108 1045 1205 1098 conati
1226 1044 1295 1096 sine.
1331 1045 1388 1096 Eos

297 1123 441 1172 incassum
458 1117 562 1168 nititur
579 1116 697 1167 retinere
717 1114 862 1167 amarius.-
885 1112 919 1166 de
937 1131 992 1197 qua
1012 1112 1090 1184 apud
1105 1117 1304 1182 Imperatorem
1322 1131 1389 1166 con-

302 1190 448 1259 queritur,
476 1183 648 1255 reditumque
677 1202 711 1236 ess
737 1185 804 1238 Asin
830 1201 890 1236 cum
912 1185 1049 1238 meletibus
1066 1185 1226 1238 melioribus
1241 1185 1390 1253 pollicetur

300 1263 368 1326 (66).
406 1259 477 1310 Eum
494 1255 626 1306 hortatur
649 1255 822 1322 Imperator,
848 1254 1016 1322 legationem
1028 1255 1193 1321 Byzantium
1204 1257 1313 1316 mittat,
1336 1269 1389 1324 quo

301 1346 388 1381 naues
405 1339 432 1379 et
447 1328 595 1395 pecuniam
613 1321 653 1374 ad
673 1321 792 1375 reditum
808 1321 993 1392 adipiscatur.
1029 1326 1173 1395 Principes
1193 1323 1390 1376 Constantino·

299 1399 361 1468 poli
378 1396 518 1450 Amurium
538 1392 571 1447 de
589 1394 744 1446 abiectione
763 1391 984 1464 reprehendunt,
1003 1411 1092 1448 naves
1108 1413 1167 1449 cum
1186 1395 1309 1464 pecunia
1325 1409 1391 1463 pro·

300 1468 423 1524 mittunt.
458 1461 590 1536 Defendit
608 1481 644 1518 se.
684 1463 773 1516 Locus
793 1463 827 1516 de
847 1461 1016 1518 discrimine
1034 1467 1178 1518 seruitutis
1194 1469 1267 1536 (67)-
1303 1467 1392 1532 Impe-

299 1551 382 1592 rator
405 1534 546 1587 divinitus
569 1552 586 1584 a
608 1534 696 1586 Persis
718 1531 907 1602 praedonibus
930 1535 1077 1590 liberatur.
1120 1537 1190 1588 Eius
1211 1552 1308 1604 pugna
1333 1551 1392 1586 cum

300 1606 486 1660 obsessoribus
505 1605 628 1656 Asomati
651 1616 678 1654 et
704 1605 839 1656 uictoria.
887 1607 1030 1659 Discessus
1053 1607 1179 1656 Amuriie
1207 1617 1235 1657 et
1260 1603 1394 1679 quartis

301 1675 436 1730 discessus
456 1673 623 1742 Imperatori
633 1672 857 1732 commodaverit.
894 1675 1106 1745 Gratianopolis
1121 1673 1239 1729 obsidio.
1277 1675 1394 1742 Smyrna

301 1763 321 1800 a
342 1746 456 1800 Latinis
475 1756 558 1813 capta
577 1742 635 1811 (68)
680 1743 718 1794 Ab
739 1746 798 1796 eius
814 1743 957 1814 praesecto
975 1745 1118 1815 Angelitee
1138 1763 1196 1798 non
1216 1743 1327 1798 modica
1348 1761 1395 1814 ps·

302 1819 398 1869 cunia.
434 1815 568 1883 Episcopi
596 1811 846 1878 Didymotichensis
869 1813 968 1868 obitus.
999 1813 1195 1869 Alexandria
1213 1814 1335 1867 Mos-rhu
1351 1829 1396 1866 re-

302 1903 391 1940 cessus
408 1885 475 1954 (69).
512 1883 682 1934 blomieeilus
708 1883 836 1937 Persicas
853 1901 942 1938 naves
961 1895 1018 1936 tres
1035 1883 1170 1938 incendic,
1209 1885 1324 1944 Persae,
1347 1884 1396 1965 qui

301 1953 379 2026 apud
399 1957 638 2010 Cantacueenum,
667 1952 793 2006 custodes
823 1971 936 2005 suarum
963 1957 1080 2008 nauium
1098 1954 1264 2026 interfictos
1298 1953 1396 2006 ulcisci

302 2024 414 2082 ardent.
449 2023 500 2075 Iiis
520 2023 673 2092 Imperator
684 2023 821 2075 Ilomunos
833 2021 980 2094 adissngi23
999 2027 1060 2076 eius
1074 2025 1270 2094 regs'uneulam
1284 2024 1398 2094 deprae·

301 2093 369 2150 dari
389 2093 471 2146 iubet.
507 2091 679 2145 blomituilus
698 2093 850 2163 improuiso
871 2092 994 2146 adventu
1015 2094 1211 2162 Imperatorem
1227 2109 1332 2148 terrete
1349 2109 1397 2142 cu·

300 2167 346 2219 ius
359 2165 461 2216 milites
472 2159 610 2232 fugiunt:
628 2163 685 2229 ipse
704 2179 765 2213 cum
784 2163 883 2230 paucis
900 2176 1011 2216 strenus
1030 2182 1058 2216 ee
1075 2176 1179 2219 tuetur.
1214 2161 1398 2218 Lancearethi

293 2235 403 2308 famuli
420 2234 451 2284 in
474 2227 614 2284 dominum
641 2233 727 2283 mirus
743 2248 825 2283 amor
842 2243 870 2283 et
885 2229 971 2302 fidas.
1008 2235 1179 2286 blamiteilus
1200 2235 1236 2288 ab
1247 2241 1332 2289 Anna
1350 2233 1398 2284 im·

301 2302 443 2377 pes-atriae
456 2298 569 2369 despota
589 2300 787 2366 renuntiatum
808 2317 887 2370 queas
902 2301 1113 2356 Cantacueenus
1129 2305 1245 2374 insuper
1253 2304 1322 2356 data
1334 2319 1398 2371 sup·

300 2374 372 2444 plici
397 2369 484 2423 venia
509 2369 761 2422 Sebastocratorem
785 2383 868 2424 creat
906 2371 1006 2423 Persae
1025 2373 1056 2424 in
1073 2375 1167 2426 Asiam
1186 2373 1308 2432 redeunt
1335 2371 1399 2441 (7⁰)-

301 2441 489 2506 Palaeologus
503 2439 655 2510 Imperator
671 2452 811 2508 aegrotat.
848 2441 970 2502 Moesus,
989 2455 1070 2510 rupto
1078 2441 1212 2512 loedere,
1232 2442 1399 2515 Apocaueho

303 2513 390 2566 mittit
414 2511 535 2566 auxilia,
572 2506 913 2581 Callidumeperatoris
931 2513 1088 2564 eonsilium.
1128 2516 1222 2568 Gener
1239 2509 1400 2586 Apocaucbi

303 2583 335 2634 in
354 2579 444 2633 llebro
460 2597 629 2633 summersus·
653 2579 854 2646 Didymoticho
868 2582 1032 2650 repellitur:
1053 2583 1197 2636 Morrham
1212 2597 1316 2638 uastat.
1337 2585 1400 2636 llo-

302 2651 424 2703 missibus
443 2649 497 2700 sihi
512 2651 700 2720 principatum
716 2654 859 2720 proprium
878 2649 1034 2714 meditans,
1054 2671 1072 2706 a
1087 2655 1286 2710 Cantaaueeno
1309 2666 1336 2708 et
1351 2653 1401 2704 im·

301 2722 442 2791 peratrice
460 2722 542 2770 Asina
561 2720 656 2790 deficit
675 2722 716 2788 (γι
729 2719 747 2786 J.
782 2721 936 2774 Archontes
963 2723 1025 2774 siue
1043 2724 1156 2791 imperii
1173 2743 1227 2794 pro
1244 2742 1336 2795 puero
1350 2725 1402 2776 Im·

301 2804 430 2860 peratore
454 2801 481 2842 et
503 2787 587 2842 uidua
609 2787 850 2846 administratores
876 2795 1002 2844 miserum
1021 2792 1210 2864 reipublicae
1230 2807 1335 2848 statum
1354 2791 1403 2845 do·

304 2861 383 2912 lene.-
412 2861 585 2929 imperatrici
607 2877 702 2929 pacem
719 2861 846 2914 suadent.
881 2863 997 2915 Moleste
1007 2862 1071 2932 fisse
1091 2863 1292 2932 menachus,
1309 2865 1401 2934 petri-

304 2929 473 3000 ancbamque
491 2943 519 2982 et
532 2930 676 2992 Gabalum,
695 2948 822 3000 magnum
836 2931 1013 3000 logothetam,
1029 2951 1057 2986 ee
1075 2937 1198 2986 visentes
1206 2933 1248 2988 ad
1258 2953 1324 2987 suas
1334 2951 1403 3003 par·

305 3011 344 3052 tes
362 2997 489 3052 reducit:
511 3000 712 3071 imperatricem
737 3003 876 3072 castigate
902 3001 1028 3055 Gabalos
1051 3003 1142 3072 filiam
1160 3001 1317 3073 despondet
1338 3003 1404 3074 (72).

304 3068 487 3140 Apocauchus
515 3068 549 3122 de
575 3072 686 3141 integro
710 3069 933 3124 Cantacusenum
950 3073 982 3124 in
999 3074 1202 3140 imperatricem
1222 3077 1344 3126 irritat:
1370 3089 1404 3126 ac

305 3156 435 3201 rursum,
456 3157 624 3212 quamquam
640 3140 797 3204 submissus,
814 3138 982 3194 dominatur.
1018 3143 1179 3212 legationis
1200 3143 1242 3196 ad
1259 3162 1321 3198 eum
1341 3145 1407 3196 mit·

307 3208 408 3264 tendas
426 3223 527 3263 auctor
544 3224 592 3262 est.
627 3211 782 3264 Mittuntur
799 3213 882 3264 simul
898 3211 981 3266 binae
999 3215 1152 3281 epistolae,
1172 3214 1277 3283 auibus
1294 3213 1407 3286 signifi·

307 3291 391 3335 catur
406 3275 538 3346 gaudium
558 3277 591 3334 de
611 3282 670 3334 eius
689 3283 837 3336 volusstatt
857 3285 968 3351 imperii
985 3280 1144 3349 deponendi
1151 3303 1161 3334 .·
1189 3297 1223 3336 ut
1231 3283 1319 3354 salso
1338 3301 1406 3336 nar-

307 3359 424 3404 raverat
444 3349 631 3418 Apocauehus
670 3349 800 3404 Condicio
817 3354 846 3406 ei
863 3353 1040 3423 proponitur,
1067 3371 1125 3422 qua
1141 3356 1245 3407 veniat
1268 3355 1338 3426 (73).
1373 3354 1408 3406 In

310 3432 376 3473 acta
387 3420 567 3486 Imperatoris
581 3421 738 3491 inquiritur
745 3441 756 3488 ‚·
775 3423 842 3476 bene
854 3423 1007 3492 praefisisse
1019 3423 1156 3476 communi
1168 3421 1298 3478 docetur.
1334 3426 1409 3478 Ion·

308 3491 375 3560 glor
392 3490 570 3558 imperatoris
590 3492 703 3552 oratio,
730 3509 787 3562 qua
813 3491 996 3546 archontibus
1016 3494 1178 3562 ignobilitas
1201 3507 1230 3547 et
1242 3493 1409 3566 impruden·

309 3563 352 3612 tia
370 3559 503 3612 obiicitur
521 3573 548 3612 et
565 3561 609 3612 rei
622 3561 751 3630 publicae
767 3575 855 3614 status
877 3559 1044 3630 deploratur.
1081 3561 1237 3634 Respondet
1257 3577 1409 3636 praeterea

312 3625 352 3679 ad
368 3626 416 3689 id,
437 3627 515 3700 qnod
529 3629 694 3693 patriarcha
712 3647 772 3682 eum
790 3631 830 3684 ad
841 3629 959 3686 reditum
972 3632 1119 3695 invitans,
1137 3651 1231 3701 poena
1251 3636 1410 3689 soluturum

311 3695 435 3759 dixerat,
455 3714 482 3751 et
497 3698 530 3752 de
547 3701 579 3751 ui
599 3699 784 3752 anathematis
795 3701 926 3770 disputat.
963 3703 997 3754 In
1008 3702 1066 3772 fine
1085 3705 1184 3772 ingens
1199 3707 1284 3772 pacis
1299 3703 1412 3758 deside·

313 3768 385 3821 rium
404 3769 472 3837 (74).
507 3769 628 3822 Pheraei
646 3769 755 3822 ueniam
774 3784 801 3824 et
818 3789 894 3840 opem
913 3771 947 3823 ab
965 3773 1134 3842 Imperatore
1143 3774 1290 3843 flagitant
1305 3789 1412 3828 etcon·

313 3850 475 3906 sequuntur.
521 3841 566 3891 Es
590 3841 657 3910 ipsis
673 3841 871 3894 mutabilitatis
885 3841 1020 3909 fortunae
1038 3843 1175 3896 humame
1192 3841 1412 3900 documentum:

314 3923 432 3976 quorum
448 3910 570 3976 exemplo
591 3909 722 3976 Byzantii
739 3923 897 3974 terrentur,
922 3926 951 3966 et
975 3931 1032 3966 non
1050 3930 1127 3979 posse
1146 3915 1295 3984 imperium
1313 3913 1414 3986 desitn-

315 3973 401 4038 dese,
426 3980 520 4031 multis
544 3980 688 4049 probatur.
733 3979 893 4034 ostenditur
911 3981 986 4042 item,
1006 3987 1114 4035 Annam
1137 3985 1350 4052 imperatricem
1368 3983 1415 4035 sui

315 4047 388 4100 iuris
399 4066 457 4099 non
468 4067 531 4101 esse.
570 4049 776 4119 Chrysobergis,
800 4051 889 4121 legati
896 4053 1086 4122 Imperatoris,
1097 4052 1261 4108 constantia
1275 4053 1416 4108 aduersus

317 4119 407 4170 minas
425 4131 452 4169 ee
471 4117 598 4172 verbera.
635 4122 803 4175 Archontum
824 4122 950 4175 inuictus
968 4123 1077 4177 animus
1089 4127 1120 4174 in
1134 4141 1245 4178 arcano
1258 4121 1415 4178 reticendo.

320 4187 452 4242 Garellue
470 4186 587 4247 deditio.
621 4190 738 4246 llursum
754 4194 834 4265 pacis
849 4193 950 4264 petitio
966 4193 1034 4266 (75).
1080 4193 1204 4251 castella
1224 4193 1369 4268 quaedam
1387 4209 1417 4248 se
