2894 4942
1441 211 1442 246 .

192 315 195 322 ·
306 293 392 394 ard
703 313 987 382 ctnrrcmnnr

154 466 497 554 Μιλλοτσστροὶτορα
518 467 650 548 πέμψας
671 456 727 548 ἧν,
761 460 849 548 ἥκειν
872 462 929 546 τήν
951 465 1105 545 ταχίστην
1127 459 1387 543 δπαγγέλλονισς,
1441 457 1442 520 i

302 569 346 647 ῶς
360 573 422 636 τῶν
435 571 534 633 ἐκεῖσε
547 565 673 630 πάντων
695 562 757 628 διεδ
776 560 1055 646 πρωτοστράτορος
1070 562 1174 634 καλῶς
1188 561 1386 648 διῳκημένων.

302 666 405 736 έδόκει
418 670 478 750 μέν
495 659 553 731 ode
569 665 625 728 καί
642 669 781 746 βασιλεῖ,
801 659 845 746 μή
867 664 993 742 μέλλειν
1016 663 1100 736 δεῖν,
1124 657 1205 724 ἀλλὰ
1225 655 1307 742 πρὸς
1319 656 1390 722 Goo-
1441 655 1442 734 J

302 761 469 854 σίιλονίκην
489 768 670 848 ἐπείγεσθαι
692 755 792 829 οδσαν
813 760 998 844 οἷναγκαίαν.
1039 761 1103 824 τῶν
1123 756 1205 842 πρὸς
1221 755 1281 842 τήν
1299 777 1389 836 τειχο·
1441 823 1442 832 ,

254 857 256 862 ,
302 871 425 953 μαχιάν
457 868 493 932 δέ
520 862 645 930 πάντων
676 855 737 948 ἤδη
760 863 1081 946 παρεσκευασμένων,
1109 859 1252 922 έκέλενεν
1281 857 1325 930 εἰς
1342 853 1404 939 cipi

299 965 468 1051 ὑστεραίαν
499 959 568 1045 ἅμα
600 963 689 1047 πρωῒ
716 967 779 1028 τῶν
808 961 923 1042 τειχῶν
944 958 1284 1042 δποπειρασιιμένους,
1307 956 1337 1018 εί
1351 952 1388 1036 μη

265 1081 293 1134 Ι)
302 1066 450 1132 δύναιντο
471 1061 763 1148 παραστήσασθαι,
795 1063 834 1148 τῇ
865 1062 933 1140 μετ’
957 1054 1057 1141 aderio
1086 1057 1140 1140 τῆς
1173 1056 1219 1129 είς
1241 1057 1391 1120 Θεσσαλο-

300 1166 389 1248 νίκην
409 1161 544 1246 ἔχεσθαι
567 1159 735 1248 φερούσης.
777 1157 861 1223 odron
881 1159 941 1238 μὲν
968 1146 1025 1222 οὖν
1045 1155 1210 1229 ,ε’δὲδοκτο.
1251 1151 1309 1217 καί
1320 1147 1390 1231 ἅμα

299 1265 389 1349 πρωῒ
406 1265 438 1339 ἐς
456 1259 513 1346 τὴν
534 1261 704 1344 ὑστεραίαν
726 1259 746 1322 δ
750 1257 958 1338 πλισάμενοι,
980 1258 1179 1341 προσέβαλον
1198 1261 1265 1327 τοϊς
1284 1253 1390 1333 τείχεσι
1441 1269 1442 1280 ³

301 1359 510 1445 προσάγοντες
529 1361 586 1434 τὰς
606 1358 764 1443 μηχανάς.
804 1356 858 1422 διδ
884 1359 986 1440 πάσης
1007 1357 1042 1420 δὲ
1064 1351 1184 1438 ἡμέρας
1212 1353 1271 1436 τῆς
1297 1371 1418 1432 τειχο-ιο
1441 1343 1442 1416 ἦ

301 1462 424 1552 μαχιάς
444 1457 684 1545 καρτερωτάτης
705 1459 927 1541 γεγενημένης,
957 1457 1077 1538 μικροῦ
1091 1455 1151 1534 μὲν
1170 1453 1303 1535 ἐδέησεν
1320 1449 1391 1513 ἁλῶ-
1441 1433 1442 1464 ¹

301 1583 379 1641 ναι,
402 1563 466 1623 τῶν
486 1581 520 1623 τε
541 1554 701 1638 κλιμάκων
723 1555 1010 1640 προσερεισθεισῶν
1031 1559 1098 1628 τοῖς
1121 1553 1245 1634 τείχεσι
1270 1551 1326 1613 καί
1341 1572 1391 1630 μη-

302 1655 484 1741 χανήματός
505 1679 589 1730 τινος
610 1657 664 1718 έπί
690 1655 816 1738 τροχῶν
843 1647 991 1736 χελῶνης.
1013 1649 1337 1735 προσαγορευομένου.
1375 1648 1391 1730 η“

189 1829 199 1844 ρ
302 1753 360 1832 ed}
382 1757 417 1819 di
438 1750 554 1818 αὐτίκα
575 1756 778 1836 ἐπιγενομένη
809 1748 981 1816 διεκώλυσε
1002 1748 1060 1835 την
1081 1747 1209 1816 ἅλωσιν.
1253 1747 1284 1813 oi
1315 1753 1391 1812 πολι-

303 1849 491 1937 ορκούμενοι
511 1853 547 1918 δέ
569 1851 750 1933 δείσαντες,
766 1849 811 1934 μη
833 1851 879 1928 εἰς
898 1847 958 1934 τὴν
979 1849 1152 1934 δστεραίαν
1173 1841 1272 1924 αὖθις
1295 1846 1417 1930 μόχηςιλ

301 1949 402 2018 ἁλῶσι
421 1955 604 2038 γενομένης,
626 1947 857 2032 ἐβουλεύσαντο
871 1946 984 2027 νυκτὸς
1003 1951 1124 2025 πίστεις
1143 1944 1295 2031 λαβόντες
1313 1943 1387 2030 παρὰ

301 2053 476 2134 βασιλέως,
510 2049 661 2140 ὁμολογίην
689 2046 744 2137 τῆν
773 2050 868 2115 πόλιν
888 2051 1102 2136 παραδοῦναι.
1145 2051 1202 2113 καί
1220 2041 1293 2129 ἅμα
1320 2045 1392 2131 πρωῒ

303 2152 338 2215 έκ
356 2151 419 2215 τῶν
439 2152 554 2232 τειχῶν
575 2158 642 2224 τοῖς
662 2149 708 2224 είς
726 2145 761 2214 τίν
784 2148 999 2234 στρατόπεδον
1019 2149 1164 2212 ἐκέλευον
1190 2147 1323 2231 μηνύειν
1340 2149 1389 2227 βο·

209 2253 405 2336 Ρ.465σιλεΐ,
435 2250 466 2311 εἰ
493 2247 641 2328 βούλοιτο
668 2247 723 2312 tut
742 2243 903 2330 συμβῶσιν
921 2245 977 2332 τὴν
1003 2242 1096 2310 πόλιν
1126 2243 1384 2330 παραλαμβάνειν.

301 2347 404 2432 ἡδέως
426 2349 461 2410 δέ
481 2348 640 2425 βασιλέως
660 2344 716 2410 τὸν
736 2344 828 2429 λόγον
850 2347 1022 2428 δεξαμένου
1038 2343 1095 2409 καί
1112 2340 1293 2420 κελεύοντος
1314 2337 1414 2427 ἥκοντι

303 2442 383 2528 πρὸς
404 2441 520 2525 αὐτόν,
543 2437 587 2520 ῶς
606 2443 708 2510 πάντα
730 2441 902 2528 πράξοντας
936 2446 1044 2519 αδτοϊς
1073 2441 1114 2509 τῶ
1141 2442 1221 2508 κατὰ
1254 2441 1387 2527 γνῶμηι,

302 2535 379 2628 ἧκον
398 2546 457 2608 τοῦ
474 2566 508 2607 τε
528 2544 630 2627 δήμου
651 2541 708 2608 καί
727 2545 789 2610 τῶν
808 2545 886 2626 παρ’
907 2537 1018 2618 αὐτοῖς
1046 2545 1189 2608 δυνατῶν
1217 2535 1318 2625 ὄλίγοι
1344 2541 1389 2602 καί

304 2645 368 2706 τῶν
390 2645 435 2731 regi
455 2638 559 2730 κλήρῳ
579 2643 635 2724 τῆς
656 2647 733 2726 παρ’
761 2635 867 2716 αδτοΐς
888 2642 1053 2726 ἐκκλησίας
1074 2639 1330 2724 κατειλεγμένων.
1348 2638 1386 2700 σι’·

302 2745 373 2815 τιάς
395 2742 431 2805 δέ
455 2735 558 2824 ῶσπερ
581 2739 772 2816 α’πολδοντες
802 2737 934 2817 έαυτούς
958 2742 1013 2806 ε’πί
1031 2743 1076 2829 τῷ
1096 2736 1179 2805 ὅπλα
1209 2740 1386 2824 κεκινηκέναι

303 2837 383 2924 πρὸς
404 2835 521 2920 adadu,
557 2838 591 2905 ro*
612 2842 683 2904 δέον
712 2837 836 2926 ἔφασαν
858 2844 1072 2925 πεποιηκέναι.
1113 2830 1314 2922 δμωμοκέναι
1332 2837 1408 2920 pcipi

299 3127 398 3184 antes,
425 3124 532 3177 veniret
550 3138 632 3194 qrrurn
652 3126 827 3186 maturrime,
854 3127 946 3177 omnio
974 3141 989 3175 ε
1036 3129 1215 3178 retostrutore
1243 3125 1300 3178 iilic
1324 3121 1382 3174 bene

302 3193 494 3246 administrari.
531 3193 572 3246 Ne
590 3195 740 3263 imperator
758 3193 870 3266 quidem
889 3202 1007 3248 cunctan
1029 3213 1083 3258 um,
1101 3195 1149 3248 red
1166 3195 1380 3252 Thessalonicam,

301 3273 333 3318 ut
350 3265 386 3314 ad
405 3263 501 3316 urbem
520 3265 633 3316 maximi
657 3267 807 3328 momenti,
826 3265 1014 3318 festinandum
1034 3265 1131 3334 duxit;
1150 3273 1178 3317 et
1196 3266 1318 3318 omnibus
1337 3263 1380 3313 iam

301 3334 337 3386 ad
357 3336 467 3387 moenia
484 3333 648 3389 Peritbcorii
667 3335 850 3406 oppugnanda
868 3338 1016 3399 confectio,
1038 3337 1194 3408 praecepit,
1215 3337 1250 3388 iia
1266 3333 1380 3404 postridie

302 3405 348 3458 die
367 3405 544 3457 illucescente
563 3407 693 3468 tentatio,
712 3407 735 3457 ei
749 3415 861 3460 conotus
879 3423 935 3460 non
950 3405 1144 3476 responderet,
1163 3405 1210 3459 die
1225 3409 1304 3459 tertio
1319 3405 1378 3454 rium

300 3492 394 3528 vernus
421 3475 644 3528 Thessalonicam
674 3477 817 3546 arriperet,
852 3475 896 3528 Sic
921 3477 1038 3531 conruit.
1074 3477 1127 3528 Dic
1151 3485 1264 3539 exorto,
1289 3489 1379 3533 moror,

300 3545 417 3598 admotis
431 3547 515 3598 etiam
535 3545 805 3608 machinationibue,
824 3547 973 3614 invaduut;
993 3563 1142 3618 quoscum
1162 3555 1222 3600 toto
1243 3547 1287 3600 die
1302 3559 1378 3613 ορμο-

301 3623 429 3690 gnosseut
452 3617 601 3678 acerrime,
627 3633 724 3684 parum
749 3617 856 3682 abfuit,
880 3621 948 3689 quin
972 3633 1018 3670 eoa
1047 3623 1104 3670 ncta
1127 3621 1182 3670 inrn
1207 3616 1379 3671 testudinem

301 3687 381 3738 seclia
399 3685 541 3757 applicitis
561 3685 791 3756 conscenderent3
809 3689 858 3740 red
876 3691 964 3742 noctis
982 3690 1152 3741 interventus
1170 3703 1226 3741 rem
1245 3683 1379 3758 impedivit.

301 3754 415 3808 Obsessi
435 3766 606 3820 metuentes,
644 3774 679 3809 ne
699 3757 744 3810 die
770 3762 899 3828 aequanti
922 3775 1012 3830 pugno
1038 3761 1188 3812 inatuuruto
1215 3763 1377 3829 caperentur·

298 3831 380 3876 noctu
399 3825 564 3890 decernunt,
588 3825 642 3880 fide
659 3827 694 3880 ab
719 3829 883 3897 imperatore
904 3837 1025 3898 accepta,
1051 3829 1149 3881 urbem
1168 3829 1278 3886 dedero.
1309 3827 1377 3878 dunc

298 3893 334 3945 de
352 3895 497 3948 moenibus
524 3899 668 3951 clamorem
687 3899 717 3950 in
736 3907 820 3951 caetra
844 3899 955 3962 dautes,
988 3899 1146 3968 imperatori
1170 3897 1317 3952 renuntiari
1337 3897 1376 3945 iu-

298 3963 384 4026 bent,
409 3966 432 4016 ai
454 3967 537 4030 velit,
558 3985 591 4020 ex
607 3977 687 4038 pacto
707 3979 840 4022 convento
862 3972 1000 4023 civitatem
1021 3971 1146 4038 occipiat.
1183 3971 1235 4022 lite
1254 3969 1374 4021 hocnun-

298 4036 339 4086 tio
362 4035 483 4100 gavisus,
508 4054 554 4090 eoo
581 4049 690 4102 evocet,
713 4042 848 4091 iacturum
877 4059 920 4101 se,
944 4058 1014 4111 quae
1035 4049 1148 4108 optent,
1167 4043 1269 4097 omnia.
1304 4034 1373 4088 Veni·

301 4112 352 4156 unt
369 4105 404 4156 de
422 4105 504 4172 plebe
525 4116 553 4161 et
568 4111 747 4178 optimatibus
764 4113 863 4179 pauci,
895 4113 929 4164 de
949 4113 1020 4163 ciero
1044 4112 1111 4164 item
1129 4111 1264 4164 nonnulii
1298 4110 1373 4174 teque

299 4181 331 4226 ut
348 4191 377 4226 oc
397 4187 543 4246 purgarent
566 4181 783 4248 quodammodo,
811 4181 890 4232 oiiter
915 4199 943 4231 se
970 4182 1059 4233 i'acere
1087 4181 1225 4250 nequiieee
1247 4179 1372 4230 dixerunt:

299 4253 445 4316 propteroa
463 4247 538 4316 quod
554 4251 708 4319 nuperrime
729 4261 898 4307 sacramento
918 4260 1050 4322 concepto
1069 4251 1278 4324 spoponderint,
1293 4247 1372 4302 reim·
