2976 4954
298 294 327 381 6.
749 317 957 384 eminent

301 472 447 540 Tlsessali,
470 474 647 530 Acarnanes,
674 469 785 540 reliqua
804 471 870 522 item
883 471 1031 524 continens
1050 470 1084 523 in
1106 479 1270 538 potestatem
1289 467 1388 522 veniat·

300 539 419 611 Quidum
452 541 711 598 Thessalonicenses
736 537 879 612 deficiunt.
925 541 1079 609 llreasttini
1102 538 1209 590 nabiles
1229 537 1308 590 rebus
1332 537 1388 588 suis

299 625 466 673 metuentes,
498 613 553 661 iter
578 611 638 662 eius
667 623 806 662 cassantur
831 607 971 679 impedire.
1019 611 1106 665 Aetius
1121 608 1237 679 fluvius
1261 601 1389 660 exundat.

297 683 448 738 Exercitus
466 681 719 746 Gynaecoeastrum
743 678 817 730 redit
838 680 866 749 (3
886 679 905 750 ).
949 679 1132 750 Apocauelsus
1147 677 1187 730 ad
1198 673 1390 730 ostendendam

296 753 451 827 potentiam
475 752 582 802 insulas
602 749 823 810 circumvectus,
849 698 885 802 ab
902 746 935 803 id
947 751 1034 820 ipsum
1057 748 1283 806 meramnum
1304 744 1391 798 adna-

297 827 388 894 viget.
425 823 615 874 protostrator
626 817 668 870 nd
684 837 744 872 eum
757 817 896 879 desciscit.
932 821 998 890 imp.
1018 822 1051 872 in
1071 817 1253 880 desertores,
1272 828 1391 884 uttqna·
1486 869 1487 880 q

297 912 360 953 uos,
377 891 533 944 instabitur.
567 890 727 957 Apelmenes
750 892 879 960 ingratus
900 902 926 944 et
947 890 1080 956 superbus
1098 889 1167 957 (bo).
1204 889 1392 942 l'rottntrator

298 964 480 1031 obiurgatur,
505 960 552 1012 cui
561 977 632 1028 puer
642 964 748 1011 Asanes
764 957 978 1014 commendatur.
1015 957 1141 1013 Ostendit
1152 959 1232 1028 Imp„
1258 960 1290 1010 in
1306 972 1392 1029 quan·
1486 959 1487 966 ’

299 1035 337 1090 tis
349 1029 564 1103 difficultatibus
579 1043 722 1084 versetur:
740 1031 859 1083 militum
873 1032 980 1084 animes
993 1031 1094 1092 eneis.-
1111 1026 1151 1082 ad
1161 1027 1318 1098 principem
1332 1026 1393 1080 Tri-

299 1102 438 1156 ballorum
460 1119 512 1172 pro
534 1099 644 1152 auxilio
669 1097 788 1152 eundum
807 1099 912 1156 suadet.
953 1098 1132 1154 Discedentes
1148 1097 1330 1168 Apocauclsus
1350 1098 1394 1147 in-

299 1173 441 1244 sequitur,
455 1189 513 1224 non
529 1181 622 1224 tamen
632 1181 783 1240 pugnatur.
811 1169 839 1222 T
835 1169 986 1241 ransfiegas
1007 1171 1071 1240 lmp.
1095 1170 1199 1238 excipit
1234 1169 1343 1239 equites
1359 1165 1392 1216 ab

298 1239 471 1313 Apoeauelto
491 1241 558 1310 (it).
597 1239 730 1292 Edessam
750 1239 894 1293 obsidione
928 1241 1116 1296 Triballorum
1133 1241 1247 1294 liberat.
1284 1237 1395 1304 Zisnpa·

300 1331 354 1366 nus
371 1309 485 1384 quidam
507 1311 657 1378 pecuarius
675 1311 738 1375 Imp.
758 1309 866 1379 legatos
886 1311 997 1364 vinctas
1013 1318 1038 1364 A
1056 1310 1180 1364 cceucbo
1195 1306 1284 1362 dedit·
1323 1301 1396 1370 Quid

297 1383 375 1454 possi
390 1384 455 1440 sint.
491 1379 628 1448 Munifiee
649 1397 684 1432 ac
703 1373 913 1449 perhumaniter
930 1399 949 1436 a
976 1333 1082 1434 dnobus
1107 1377 1236 1449 dynastis
1257 1375 1395 1445 accipitur

298 1455 466 1522 Imperator.
502 1451 629 1518 Scopiam
648 1451 729 1502 versit
752 1449 817 1521 (ln).
862 1449 991 1506 Eundem
1016 1452 1131 1506 Liberus
1153 1449 1299 1502 Triballus
1320 1443 1398 1500 Crali

300 1522 445 1578 conciliat.
481 1520 509 1572 Is
535 1537 594 1571 curn
616 1537 702 1574 uxore
728 1538 893 1583 occurrens,
919 1540 1018 1592 magna
1042 1523 1122 1574 illum
1147 1519 1257 1572 bostare
1283 1517 1396 1584 suscipit
1486 1565 1487 1570 ,

298 1605 334 1715 lie
349 1593 484 1714 regalq'tsr
508 1601 623 1712 trqdct'qq.¹
662 1590 703 1641 Ab
728 1607 760 1644 ee
786 1592 924 1712 apppliqam
939 1593 1028 1712 petits
1059 1593 1108 1714 illlq
1126 1588 1277 1714 seqqietatiq
1295 1601 1394 1710 ἔαξε·

335 1680 361 1714 nt
387 1679 422 1713 ur
440 1678 579 1720 esoccte
613 1675 775 1713 ssusuca
853 1677 905 1711 no
926 1680 965 1713 os
1021 1674 1116 1714 stua.
1177 1675 1262 1714 ecusa
1318 1675 1356 1710 an
1386 1683 1398 1696 ·

298 1749 419 1786 cusenus
435 1744 462 1785 et
479 1731 561 1802 quasi
572 1747 671 1798 parum
686 1677 840 1796 ingenuum
857 1679 1027 1784 norbertspsb
1044 1729 1198 1784 studiosum
1217 1729 1315 1798 tangit
1332 1727 1398 1794 (43).

298 1801 425 1855 Prudens
443 1804 538 1852 aratio
557 1801 679 1851 Helenae
707 1799 866 1854 Cralaenae
891 1799 925 1856 de
942 1752 1111 1853 adunando
1127 1801 1237 1869 bospite
1261 1815 1323 1852 eum
1334 1813 1399 1848 con-

298 1871 407 1926 ditiane
424 1869 626 1924 tolerabiliore,
661 1869 728 1936 Imp.
747 1885 862 1922 suorum
880 1871 1028 1922 consilium
1046 1869 1079 1924 de
1102 1866 1312 1929 concedendis,
1329 1881 1399 1935 quas

301 1943 399 1994 Crales
415 1953 504 2011 petat,
523 1936 656 2007 repudiat
676 1935 741 2008 (44).
786 1939 870 1992 Ambo
911 1953 1038 1993 raesente
1057 1939 1273 2008 archiepiscopo
1291 1938 1324 1988 in
1341 1953 1400 1990 cer·

298 2024 344 2063 tas
361 2008 538 2066 conditiones
555 2009 662 2065 iurant.
697 2006 738 2058 De
759 2006 856 2064 Cbrele
877 1957 1006 2062 tentato
1027 2010 1102 2062 inter
1119 2021 1270 2079 utrumque
1290 2019 1402 2060 eonten-

298 2083 350 2135 tio.
388 2083 446 2132 Gur
460 2084 486 2132 is
504 2075 543 2130 ad
560 2078 669 2129 Cralem
688 2079 797 2130 reuerti
813 2080 944 2132 noluerit.
987 2081 1143 2132 Melenieus
1159 2078 1260 2132 Cltreli
1279 2074 1401 2130 deditur.

298 2151 467 2210 libentinam
497 2149 640 2200 castellum
668 2147 768 2212 Syrges
791 2161 917 2218 occupat.
973 2151 1008 2200 ln
1039 2147 1185 2202 dedititios
1209 2150 1310 2200 saevit
1333 2145 1401 2215 (45).

297 2219 481 2291 Apoeouclsue
506 2217 644 2282 Polystrli
667 2215 737 2282 qnid
758 2219 867 2286 egerite
892 2212 964 2290 quid
986 2216 1213 2284 Didymaticlsuns
1239 2217 1402 2286 scripserit:

298 2288 371 2362 quid
387 2307 414 2342 et
432 2303 459 2342 et
474 2305 558 2358 quam
580 2286 708 2338 aculeate
726 2303 761 2338 ac
775 2285 862 2339 libere
873 2289 1084 2354 responsumsit.
1109 2289 1271 2353 Byzantini
1283 2283 1404 2338 redeun-

299 2375 352 2416 tem
368 2377 428 2412 enm
441 2354 680 2428 gratmats'onilms
699 2368 726 2406 et
743 2357 888 2424 plausibus
908 2357 1059 2426 excipiunt.
1095 2359 1150 2410 Pro
1169 2357 1297 2410 libidine
1319 2358 1403 2424 impe·

299 2442 354 2482 rat.
379 2424 765 2490 lrene,uxos·Cantacueeni,
783 2427 953 2497 cumfratre
971 2429 1103 2482 Manuale
1123 2427 1154 2478 in
1165 2429 1270 2480 timore
1288 2426 1405 2495 est(46).

299 2499 425 2553 Militum
444 2511 472 2552 et
485 2495 588 2550 ducum
599 2494 677 2565 fides
697 2496 869 2553 celeratur.
906 2497 1097 2567 Comitepulus
1114 2501 1308 2552 constantiam
1326 2513 1404 2548 suem

299 2586 351 2640 pra
365 2583 456 2624 stetur.
491 2567 616 2620 iuratur.
653 2565 717 2616 Nun
731 2584 775 2618 sus
794 2567 829 2618 ab
848 2567 1018 2636 imperatore
1038 2587 1098 2622 cum
1122 2571 1181 2622 eius
1204 2585 1290 2622 cerea
1310 2567 1404 2638 sigillo

298 2641 367 2710 ((7.
403 2635 597 2702 Didymoticbi
614 2635 769 2722 sttburbqni
789 2638 820 2688 in
837 2636 960 2689 urbanas
972 2641 1131 2708 insurgunt.
1166 2639 1337 2708 Fugantur.
1371 2636 1406 2689 In

285 2711 415 2776 ,exilium
440 2707 635 2762 voluntarium
653 2704 830 2771 conceduntq
857 2725 950 2759 eorum
981 2705 1077 2759 domus
1100 2707 1298 2760 destruuntur.
1334 2707 1406 2776 Epi·

299 2781 377 2847 scopi
391 2777 558 2832 vaticinium
570 2788 686 2828 eventus
697 2775 806 2844 probat.
846 2777 988 2829 Triballos
993 2779 1136 2848 principes
1146 2778 1285 2846 promissi
1299 2776 1408 2830 auxilii

297 2851 438 2921 paenitet:
457 2844 576 2899 obsidem
597 2847 789 2900 Cuntacneeni
806 2846 896 2910 filium
912 2859 1048 2914 poscunt:
1076 2847 1192 2899 Liberus
1207 2847 1309 2908 filiam
1329 2863 1406 2898 suam

300 2919 361 2973 eius
383 2917 447 2988 filia
468 2918 630 2984 desponsam
663 2917 739 2984 cupit
762 2915 830 2984 (48).
867 2917 1021 2986 Imperator
1038 2934 1098 2970 eum
1119 2917 1319 2970 auxiliaribus
1341 2916 1409 2970 Tri-

301 2989 386 3042 ballis
411 2985 483 3060 quid
504 2985 581 3056 apud
596 2985 699 3038 l’lseras
724 2988 821 3054 egerit.
854 2986 955 3056 Syrges
973 2986 1012 3039 ad
1027 3000 1163 3058 sceptrum
1182 2989 1341 3040 Armeniae
1357 3005 1409 3038 vo·

298 3071 391 3113 catur.
426 3056 613 3109 Pheraeorum
624 3053 783 3109 obstinatio.
814 3055 930 3110 Morbus
941 3058 974 3109 in
985 3057 1112 3111 exercitu
1125 3058 1230 3110 multos
1241 3059 1408 3127 exstinguit.

301 3127 493 3197 Cbrs'stopoiin
516 3122 688 3193 praesidium
707 3126 742 3178 ab
761 3126 927 3194 Apacauclso
945 3126 1074 3180 mittitur.
1110 3125 1155 3180 Ad
1175 3129 1325 3182 Triballas
1346 3127 1410 3180 abi·

300 3199 438 3251 turientes
446 3197 596 3266 praeclara
611 3195 790 3264 imperatoris
808 3198 918 3252 cancia.
955 3199 1073 3250 liomani
1090 3197 1304 3250 tumultuantes
1315 3200 1412 3250 incre·

297 3281 413 3340 pantur.
454 3266 573 3319 Plurimi
602 3266 790 3337 Claristopolin
814 3285 843 3319 se
861 3265 1016 3338 conserunt.
1052 3267 1160 3319 Ducum
1178 3266 1289 3322 ibidem
1309 3269 1409 3339 periu-

299 3339 382 3392 rium.
420 3335 572 3390 lledeuntes
590 3337 746 3404 Imperator
761 3337 877 3406 suscipit
901 3335 967 3405 ((9).
1008 3335 1169 3390 Eorundem
1190 3335 1300 3390 ducum
1321 3340 1413 3408 impu·
1486 3373 1487 3376 =

300 3405 370 3460 dens
393 3406 427 3460 de
460 3407 657 3460 Cantacueeno
685 3403 878 3459 mendacium:
907 3405 973 3459 inde
992 3406 1126 3472 Byzantii
1143 3408 1265 3478 publica
1283 3409 1412 3461 laetitia.

301 3479 379 3544 Quae
398 3490 425 3532 et
443 3489 552 3547 quanta
569 3479 649 3530 multi
666 3477 850 3547 illiepropter
861 3477 1085 3530 Cantueuzenum
1094 3478 1283 3546 pertulerint.
1321 3477 1413 3530 Prae·
1486 3519 1487 3522 η

297 3547 436 3616 sectorum
459 3549 588 3604 saeuitia.
625 3549 738 3600 Factum
762 3545 988 3600 humanissimum
1005 3549 1105 3600 Persae
1127 3547 1281 3600 cuiusdam
1301 3550 1336 3600 in
1346 3549 1413 3619 fla·

299 3619 382 3687 gellis
407 3618 556 3670 laceratos.
598 3617 733 3686 impostor
755 3615 870 3687 quidam
893 3635 991 3670 sacrae
1017 3637 1069 3671 eon
1083 3617 1188 3672 essiani
1207 3617 1324 3671 illudit.
1368 3615 1414 3671 Aa

293 3687 389 3758 filsos
397 3689 511 3739 nuntios
528 3685 619 3740 denuo
633 3689 772 3756 Deiparne
790 3700 914 3757 aguntur
930 3690 1042 3758 gratiae
1067 3689 1121 3755 50).
1159 3686 1264 3741 Cralee
1283 3691 1413 3758 inspera-

187 3819 190 3828 ,
299 3760 360 3810 tari
383 3759 520 3824 repetenti
537 3755 672 3810 Edessam
694 3758 787 3808 statim
811 3759 941 3814 restitnit.
979 3757 1157 3826 Apocauelsns
1174 3757 1301 3827 frustra
1320 3757 1415 3826 Didy-

299 3826 449 3880 moticlrum
474 3841 574 3883 mouet.
613 3825 788 3896 Empytlrium
810 3827 934 3882 obsides.-
951 3825 1113 3896 Scytharum
1132 3829 1256 3881 incursu
1272 3829 1415 3891 territus,

300 3897 487 3950 obsessionem
498 3897 641 3965 relinquit.
678 3899 711 3948 ln
727 3896 843 3958 Scythas
858 3897 990 3951 abeuntes
1007 3898 1182 3967 Scopelenses
1199 3902 1295 3954 stulte
1316 3913 1344 3954 et
1368 3902 1415 3951 in·

292 3969 384 4039 seliei
406 3969 485 4020 exitu
500 3985 528 4019 se
550 3969 682 4039 inferunt.
720 3967 900 4035 Apocauelsus
918 3968 986 4022 belli
1001 3966 1287 4021 administrationem
1304 3987 1414 4042 genero

217 4049 220 4056 ’
301 4037 394 4092 tradit
412 4039 478 4106 (51).
515 4041 596 4088 Annn
622 4040 786 4108 imperatrix
804 4056 822 4089 a
846 4037 928 4092 Crale
955 4041 1179 4092 Cantneueenutn
1203 4043 1302 4106 petit.-
1329 4039 1416 4092 urbes

300 4108 333 4159 in
362 4109 515 4172 praemium
539 4107 663 4176 spondet.
708 4107 896 4159 Triballorum
919 4124 1063 4177 pracerum
1089 4111 1357 4163 commemorabilis
1382 4111 1416 4161 in

299 4178 382 4244 illum
396 4177 470 4248 fides
490 4177 556 4244 (52).
603 4178 729 4230 Thessali
744 4195 773 4230 se
797 4175 992 4232 Cantaeueena
1010 4179 1162 4233 subiiciunt
1182 4177 1280 4238 ultro.
1319 4181 1415 4233 loan-

301 4265 364 4304 nem
385 4248 519 4320 Angelum
537 4249 577 4302 eis
592 4261 748 4322 praetorem
767 4247 916 4321 praeficit,
943 4265 1024 4321 muns
1049 4249 1081 4303 in
1107 4248 1186 4302 lulla
1207 4247 1415 4306 commendat:
