2894 4936
369 278 658 349 nrsronssnuor
687 285 746 348 ur.
774 287 826 356 aa.
1052 249 1141 366 αδδ

5 485 6 500 u
64 435 82 500 δ
110 434 236 516 πόλεμος
261 435 384 516 μᾶλλον
415 431 566 518 ripariae.
616 437 874 524 Καντακουζηνῷ
900 439 937 502 δὲ
964 439 1083 506 aurbu
1108 444 1290 518 Meum

65 557 143 619 τερον
163 531 355 618 δυνήσεσθαι
378 531 639 618 οίντιστὴσεσθαι,
664 529 692 621 ἢ
706 531 761 600 τὸν
780 539 883 619 μέγαν
903 538 1021 622 δοῦκα,
1041 539 1086 617 οἷς
1106 544 1142 607 ἐκ

63 637 117 698 τοῖν
134 630 325 718 πραγμάτων
345 634 451 716 γέγονε
473 639 668 720 καταφανές.
709 630 786 700 ὅθεν
806 638 929 702 δίκαιον
947 639 1066 704 ἐκεῖνον
1086 634 1148 704 ssi·-¹

5 803 7 810 ‚
63 735 179 798 νοοῦντα
210 725 310 820 ἑαυτῇ
338 731 394 797 καί
422 731 652 818 συναιρόμενον
680 730 767 817 ἔχειν
798 731 878 820 πρὸς
908 735 964 802 τόν
994 735 1144 820 πόλεμον.

48 834 141 900 διοδτο
161 834 190 894 δ’
212 831 271 896 osis
292 825 334 897 δν
352 831 473 914 γένοιτο
496 826 628 919 ἑτέροις,
648 835 680 900 εί
696 830 743 918 μή
763 832 782 900 ὅ
802 833 939 918 πόλεμος
960 830 1060 914 αὖθις
1072 839 1143 904 ἐπι-

62 929 240 1016 uruntur.
293 927 487 1014 α’σομβάτως
518 930 582 1020 μοὶρ
613 935 732 1000 ἐκεῖνον
764 930 843 1019 πρδς
873 933 1144 1022 Καντακουζηνδν

61 1027 132 1114 ἔχειν
150 1031 428 1114 διαβεβαιοῦσθαι.
468 1034 500 1098 εί
515 1033 576 1114 μὲν
598 1025 657 1098 οὖν
675 1035 818 1099 πείθοιτο
839 1036 896 1099 καί
919 1033 1019 1121 ου’τὴ,
1040 1028 1078 1101 εδ
1102 1028 1144 1102 δν

61 1127 136 1212 ἔχοι·
177 1133 210 1196 εἰ
244 1133 281 1196 δὲ
310 1129 376 1216 μή,
407 1135 557 1200 σκεπτέον
583 1129 630 1218 μὴ
662 1132 783 1220 οίθρόον
804 1131 897 1200 ἔνδον
918 1133 1144 1214 Βοζαντίουδ
1232 1137 1237 1144 ’

59 1229 307 1316 Κοντακουζηνδς
327 1231 476 1319 ἀναφανῇ
501 1229 564 1298 sissi
587 1235 646 1297 rosi
663 1230 803 1318 psyilos
820 1231 937 1310 δουκίς
949 1241 1143 1322 προσκεκλη-

40 1333 146 1408 νομένας.
193 1333 286 1396 τοῦτο
306 1327 367 1416 γὰρ
389 1323 428 1397 δν
448 1331 497 1418 εἴη
516 1331 613 1414 μόνον
633 1331 823 1420 οίυτίρῥοπου
843 1334 905 1399 τῶν
925 1331 1003 1417 πρὸς
1022 1335 1142 1400 ἐκεῖνον

60 1423 170 1514 δβρεων
197 1428 254 1494 καί
280 1430 343 1494 τοῖν
374 1422 478 1497 ἄλλων
507 1433 631 1514 κακῶν,
665 1423 710 1498 ὧν
737 1431 819 1498 κατὰ
841 1429 898 1498 τὸν
928 1435 988 1498 τοῦ
1004 1435 1175 1518 πολέμουῦ

58 1525 158 1610 χρόνον
185 1525 266 1613 πρὸς
294 1531 414 1594 ἐκείνου
443 1526 630 1609 ἐνεδείξατο.
671 1529 838 1616 ἤβασιλίς
858 1535 895 1598 δὲ
917 1536 973 1599 καί
992 1529 1146 1620 πρδτερον

59 1627 106 1706 μὲν
133 1629 169 1694 ἐκ
202 1631 329 1693 πολλῶν
362 1629 424 1692 τοῖν
457 1630 584 1712 α’νδροῖν
605 1632 817 1714 στοχαζομένη
847 1631 903 1718 τὴν
932 1632 1146 1719 κακοβουλίαν

59 1729 104 1790 καί
129 1728 190 1814 την
208 1723 348 1812 μεγάλου
369 1724 484 1803 δουκός
517 1730 724 1812 κακοτεχνιλιν
757 1730 815 1793 καί
840 1727 876 1794 τδ
901 1732 977 1815 περί
1002 1729 1142 1815 μηδενὸς

33 1823 151 1916 ι5ίκείνῳ
172 1831 300 1910 μέλειν,
321 1821 343 1912 ἢ
365 1821 451 1905 ὅπως
472 1826 569 1905 αὐτὸς
591 1820 676 1916 ἄρχῃ
696 1831 760 1895 ταῖν
778 1825 992 1913 πραγμάτων,
1015 1826 1088 1894 τότε
1108 1833 1146 1896 tl

58 1923 105 1988 καί
118 1925 261 2008 μάλιστα
283 1923 344 2012 τήν
361 1929 495 1994 α’τοπίαν
512 1923 554 1991 ,ἐκ
573 1928 638 1993 τῶν
661 1923 764 2011 λόγων
782 1928 969 2010 συνιδοῦσα,
990 1927 1037 2012 μὴ
1051 1925 1147 2012 ἔχου·

57 2049 92 2088 σα
114 2029 148 2092 δὲ
169 2021 306 2096 οἷστισιν
327 2021 446 2112 ἑτέροις
467 2026 623 2112 χρήσαιτο
630 2077 641 2109 ,
661 2025 708 2114 (οἱ
728 2023 791 2110 γάρ
815 2018 906 2092 ἄλλοι
926 2031 990 2093 τοῖν
1010 2027 1147 2113 clymis

57 2123 103 2188 ναί
124 2127 199 2190 καθ’
220 2119 302 2208 αἷμα
322 2122 543 2210 προσηκόντων
569 2131 700 2210 βασιλεῖ
721 2123 952 2210 δεσμωτηρίοις
978 2123 1092 2204 πάντες
1123 2120 1157 2212 ἢ

56 2223 84 2286 ἐν
101 2233 172 2300 ταῖς
192 2227 306 2302 οἰκίαις
326 2217 410 2310 η’σαν
430 2227 735 2308 κατακεκλεισμένοι,
756 2219 804 2302 οἷς
826 2221 910 2308 arira}
931 2225 990 2290 ου’κ
1010 2224 1147 2312 ἑθιίρίρει

33 2321 229 2409 οοιδνοὴσιιν,
250 2325 282 2390 εί
307 2327 497 2391 α’πολυθεῖεν
516 2325 580 2390 τιδν
601 2326 753 2412 isauria)
767 2324 946 2392 συνετίθετο
967 2323 1024 2392 καί
1042 2319 1174 2402 αδθιςῐ)

55 2423 102 2488 καί
125 2417 246 2490 ἄκουσα
272 2422 353 2510 πρὸς
373 2422 429 2489 τὸν
449 2419 599 2506 πόλεμον.
629 2423 779 2512 ,μάλιστα
802 2425 837 2488 sii
860 2419 1026 2490 ἄκου’σασα
1050 2427 1160 2490 Καν-’

54 2521 233 2608 τακουζηνὸν
253 2521 453 2608 ἠναγκάσθαι
480 2519 569 2609 παροὶ
590 2524 732 2606 μεγάλου
754 2521 865 2600 δουκδς
883 2524 1067 2589 α’ποθίσθαι
1086 2521 1146 2608 τὴν

53 2623 210 2699 βασιλείαν
230 2620 288 2688 καί
305 2618 435 2688 ίδιοίτου
457 2625 569 2708 σχῆμα
588 2623 771 2708 δναλαβεῖν,
792 2624 899 2711 η’ρίμα
919 2619 1067 2708 δθίλμετο
1085 2625 1145 2688 καί

118 2777 140 2814 ι.
159 2754 217 2830 γὰρ
235 2774 287 2828 pro
305 2757 337 2812 sii
354 2758 393 2812 bl.
470 2758 563 2829 orori
580 2756 645 2816 εδδ.
658 2759 698 2814 bl.

55 2903 80 2948 cl
99 2895 204 2950 beilum
222 2895 293 2966 {paci
323 2891 550 2962 anteponendum
580 2891 692 2951 docent.
735 2893 927 2948 Cantacnneno
945 2897 1048 2949 etenim
1067 2901 1146 2948 extra

54 2981 173 3035 magnum
193 2966 309 3031 ducem,
334 2962 410 3037 quod
428 2964 601 3032 experientis
618 2962 792 3028 eonstiterit,
816 2966 955 3018 neminem
974 2983 1055 3088 posse
1075 2968 1147 3020 resi·

54 3043 129 3090 stare.
165 3036 285 3090 Proinde
302 3051 423 3106 aequum
440 3033 545 3098 rideri,
564 3042 596 3086 nt
615 3033 696 3086 illum
714 3033 770 3087 sibi
789 3037 908 3088 amicum
931 3043 960 3087 ct
997 3035 1047 3089 elli
1064 3037 1147 3090 adiu·

54 3113 133 3158 torem
157 3107 268 3166 babeat.
304 3111 341 3159 at
355 3106 428 3157 istuc
442 3103 529 3158 aliter
545 3121 602 3156 non
621 3103 764 3167 futurum,
782 3121 864 3188 quam
883 3104 907 3156 si
924 3120 999 3158 srma
1016 3105 1051 3160 dc
1069 3106 1145 3159 iute-

54 3193 97 3245 gro
124 3177 315 3232 decernantur.
352 3175 534 3228 Conlirmsssa
557 3173 632 3226 enim
649 3174 746 3238 illum,
773 3175 829 3227 srbi
859 3191 921 3226 cum
952 3175 1144 3230 Cantacuseno

53 3263 141 3315 pacans
159 3264 301 3320 uunquam
320 3249 540 3304 intercessuram.
585 3243 763 3315 Quapropter
780 3247 805 3298 si
822 3245 883 3316 ipsa
901 3245 986 3300 etism
1004 3245 1145 3318 obsequa-

54 3325 107 3380 tur,
128 3317 199 3372 benc
216 3319 390 3376 habiturum.
425 3316 475 3368 Sin
493 3322 602 3378 curtem,
619 3315 786 3380 videndum,
805 3332 841 3368 ne
860 3317 1066 3370 eunrscureuus
1082 3333 1144 3369 eum

53 3391 117 3439 totis
140 3391 226 3459 copiis
250 3391 309 3442 suis
335 3390 406 3441 intra
433 3388 594 3454 Byzantium
627 3383 759 3439 accersitu
790 3388 882 3458 magni
909 3387 986 3440 ducis
1004 3395 1145 3458 appareat.

54 3457 108 3510 linc
125 3461 197 3512 enim
218 3461 261 3512 ria
280 3455 468 3512 antummodo
488 3457 672 3509 contumelias
691 3464 720 3510 et
736 3455 929 3522 incommoda,
952 3457 1054 3530 quibus
1080 3473 1143 3510 eum

54 3543 99 3596 ptr
120 3529 186 3583 belli
211 3539 320 3600 tempus
344 3530 493 3590 vexaverit,
502 3533 691 3596 pausaturum.
728 3525 855 3580 Ceterum
874 3527 1053 3597 imperatrix,
1070 3543 1143 3599 quae

54 3597 105 3649 ism
128 3607 190 3653 ants
215 3602 312 3654 multis
332 3599 445 3652 indiciis
472 3596 616 3650 homiuum
640 3597 753 3650 istorum
797 3601 983 3652 essersitatem
1010 3607 1039 3652 ct
1056 3598 1142 3650 malas

54 3678 122 3722 artes
138 3672 227 3741 magni
246 3671 324 3725 ducis
343 3670 542 3731 coniectaret,
561 3667 690 3741 nihilque
707 3665 765 3719 sliu
812 3669 890 3722 illum
915 3685 1032 3733 curare,
1059 3683 1142 3754 quam

53 3746 83 3791 nt
100 3741 171 3792 solus
190 3743 220 3796 in
243 3759 273 3795 re
293 3741 404 3810 publica
422 3739 627 3804 dominaretur,
648 3755 682 3791 ex
700 3737 743 3791 his
765 3746 857 3790 sutem
875 3741 967 3793 verbis
985 3742 1045 3793 cius
1065 3755 1143 3790 soso·

54 3807 160 3863 lentiam
181 3813 331 3865 clarissime
351 3827 412 3882 pers
434 3812 534 3874 iceret,
559 3824 620 3862 oum
643 3825 700 3862 nou
721 3807 856 3872 baberet,
880 3803 1044 3881 quibuscum
1063 3826 1143 3864 seusa

54 3893 100 3932 sua
126 3885 353 3944 communicaret,
380 3827 446 3946 (siti
471 3882 544 3933 enirn
562 3878 672 3933 nobiles
692 3886 722 3931 et
741 3881 938 3948 consanguinei
957 3879 1143 3934 Cantscnscni

54 3949 221 4018 inperatoris
246 3953 402 4006 carceribus
424 3967 518 4004 omnes
541 3957 589 4004 sut
615 3949 744 4002 domibus
773 3951 832 4003 suis
850 3951 948 4002 inclusi
968 3953 1143 4013 tenebantur,

56 4035 122 4138 {aas
140 4024 290 4076 avinculis
310 4024 426 4078 emissos
451 4020 600 4076 benevolos
619 4019 674 4074 sibi
696 4021 755 4072 l'ore
774 4037 831 4074 non
850 4020 1032 4094 confidebat)
1050 4037 1144 4074 rursus

77 4090 147 4156 ello,
164 4097 287 4164 quamvis
307 4092 412 4154 invita,
428 4091 602 4162 subscripsit.
638 4089 814 4144 Potissimum
834 4099 946 4154 suum,
972 4091 1048 4162 quod
1069 4091 1145 4145 Can-

54 4165 207 4232 lscuzcnusn
232 4183 248 4217 a
274 4181 370 4234 magno
396 4161 466 4214 duce
489 4162 606 4232 smperio
629 4179 658 4214 se
685 4159 816 4216 sbslicarc
843 4162 996 4290 ctsprivati
1017 4161 1145 4218 habitum

55 4245 184 4290 mamere
208 4241 332 4293 mactum
350 4231 495 4298 audierat,
512 4231 613 4292 sensim
632 4228 776 4290 annuebat
791 4240 822 4288 et
838 4231 868 4290 lo
894 4233 1008 4290 rsnslcm
1026 4231 1144 4290 maxims
