2976 4954
216 354 258 414 vl
607 348 918 415 Puttnonmttt.

218 505 368 598 tinctis,
394 505 545 588 litterae
570 525 721 584 nostrae
754 529 997 616 acceperant,
1035 514 1066 590 is
1089 541 1193 592 unus
1225 543 1313 596 cum

217 631 350 736 paucis
366 657 557 740 superesse
576 630 798 722 videbatur,
817 633 886 736 qui
905 659 985 709 rem
1004 633 1186 714 afflictam
1205 640 1313 716 susti-

218 775 353 846 neret,
388 757 432 832 in
456 781 572 858 quem
598 755 847 848 ceterivelut
872 756 914 831 in
938 758 1155 863 exemplum
1179 762 1315 837 severi-

178 973 181 986 λ
217 880 295 956 oris
318 906 362 954 ac
389 906 545 986 prorsus
579 879 764 986 antiquae
785 879 1016 956 eruditionis
1047 882 1313 976 intuerentur,

147 1021 150 1034 ·
218 1003 382 1108 inquo,
418 1029 677 1110 quaecunque
713 1005 790 1081 sive
814 1003 863 1080 ad
888 1005 1187 1112 amplitudinem
1213 1007 1314 1084 litte-

218 1121 371 1219 rarum,
397 1129 474 1206 sive
497 1127 547 1206 ad
572 1125 779 1208 arcendam
798 1129 1028 1235 fortiterque
1051 1131 1312 1236 repellendam

217 1251 527 1358 superstitionem
553 1269 592 1326 et
615 1251 832 1326 barbariem
857 1251 1048 1344 facerent,
1074 1279 1223 1329 summa
1253 1253 1313 1330 in·

220 1401 296 1454 esse
327 1375 457 1452 omnia
489 1391 688 1452 constaret.
741 1375 776 1451 Ο
812 1399 917 1480 spem
943 1376 1098 1452 inanem
1123 1377 1315 1480 fragilem-

218 1527 296 1606 que
329 1501 522 1578 humanae
553 1496 833 1602 magnitudinis
865 1498 1146 1576 conditionem!
1197 1503 1315 1575 Hunc

219 1628 336 1702 talem
370 1626 519 1717 virum,
558 1624 599 1698 in
633 1647 713 1724 quo
750 1640 857 1698 tanta
892 1641 985 1698 esset
1018 1622 1166 1726 ingenii
1192 1623 1246 1698 vis
1271 1649 1317 1698 ac

217 1745 492 1855 pulchritudo,
527 1765 656 1822 tantus
681 1747 723 1820 in
761 1746 958 1835 omnibus,
990 1770 1092 1850 quae
1116 1743 1314 1850 proderet,

217 1899 420 1981 generosae
444 1891 483 1948 et
507 1873 673 1946 excelsae
697 1871 837 1946 mentis
857 1869 983 1972 vigor,
1013 1871 1317 1976 tantaamplitu-

219 1996 270 2074 do
295 1996 511 2086 doctrinae,
539 1994 737 2096 integritas
761 1996 883 2071 animi
908 2013 949 2071 et
972 1992 1145 2083 candor,
1161 2021 1317 2071 morum

222 2116 392 2222 deniqne
423 2117 606 2206 suavitas,
635 2143 712 2217 qua
739 2115 916 2190 omnium
940 2117 1155 2192 voluntates
1177 2118 1337 2228 allice-¹

218 2259 281 2318 ret
295 2258 334 2316 et
349 2241 391 2315 in
410 2242 593 2316 maiorem
608 2237 667 2314 sui
686 2237 982 2314 admirationem
1001 2259 1169 2344 raperet,
1188 2240 1314 2331 hunc,

216 2364 398 2468 inquam,
424 2359 557 2438 eodem
572 2387 660 2436 mox
675 2361 755 2437 fato
780 2387 1004 2466 oppressum
1022 2387 1116 2454 esse,
1142 2383 1198 2455 et,
1224 2391 1316 2442 cum

217 2513 270 2565 ne
294 2513 442 2564 summa
468 2483 628 2587 quidem
649 2501 843 2561 senectute
859 2483 1076 2560 decessurus
1097 2485 1178 2561 sine
1197 2485 1318 2562 hono-

220 2637 311 2686 rum
336 2609 580 2713 querimonia
606 2608 756 2694 fuisset,
792 2632 1015 2716 oppressum
1048 2633 1123 2684 esse
1154 2611 1195 2684 in
1233 2611 1317 2716 ipso

223 2731 394 2835 integrae
428 2731 560 2806 aetatis
591 2756 729 2820 cursu,
769 2729 974 2810 florentem
1007 2729 1137 2806 adhuc
1169 2732 1318 2810 viribus

220 2855 347 2958 deque
370 2855 510 2932 litteris
531 2856 726 2960 praeclare
740 2853 915 2934 merendi
939 2854 1067 2931 studio
1086 2875 1318 2962 occupatum

220 2978 447 3056 felicissimo.
498 2979 734 3082 Quanquam
760 2979 859 3083 quid
884 3005 952 3083 ego
977 2999 1140 3055 mortem
1173 3007 1321 3086 queror

221 3106 492 3182 immaturam?
517 3106 559 3180 in
576 3129 655 3207 qua
673 3101 871 3207 quidquid
893 3105 1112 3182 acerbitatis
1135 3123 1175 3180 ct
1198 3105 1321 3181 iactu-

220 3253 287 3304 rae
304 3229 420 3318 inest,
439 3255 519 3302 non
537 3225 586 3301 ad
603 3226 884 3318 Niebuhrium‚
898 3225 962 3304 scd
980 3227 1027 3302 ad
1048 3253 1115 3303 nos
1131 3229 1317 3332 pertinet,

222 3350 367 3453 quihus
391 3375 435 3426 eo
453 3349 721 3453 nontamplius
738 3349 817 3424 frui
837 3349 953 3424 licet.¹
988 3351 1059 3425 tlte
1083 3353 1197 3439 satis,
1222 3349 1319 3426 dum

222 3474 386 3561 viveret,
414 3473 583 3550 nominis
596 3471 869 3549 existimationi
892 3474 1088 3550 consuluit
1113 3493 1151 3550 et
1175 3473 1319 3550 virtute

224 3597 357 3674 effecit
376 3623 462 3688 sua,
496 3615 647 3675 utnon
672 3623 865 3674 annorum
891 3623 1071 3690 numero,
1100 3627 1170 3674 nec
1195 3599 1319 3704 spatio

224 3721 358 3798 aetatis
380 3721 458 3800 vita
488 3721 570 3799 eius
600 3739 821 3812 censeatur,
848 3723 913 3796 sed
945 3723 1047 3798 fama
1088 3745 1128 3800 et
1164 3723 1320 3800 merito·

226 3873 316 3920 rum
341 3845 457 3924 laude
488 3873 534 3924 aa
558 3866 664 3951 grata
688 3847 832 3953 piaque
861 3849 1066 3939 memoria,
1087 3875 1188 3952 quae
1225 3867 1320 3926 tam·

226 3971 298 4046 diu
323 3971 441 4048 infixa
474 3973 652 4050 haerebit
685 3974 728 4048 in
756 3974 896 4050 animis
926 3973 1152 4063 hominum,
1185 4001 1321 4078 quam·

227 4095 301 4188 diu
320 4096 458 4174 litteris
482 4097 573 4204 ipsis
591 4115 629 4172 et
643 4097 773 4173 honor
790 4115 828 4176 et
850 4126 992 4175 nomen
1017 4099 1217 4176 constabit.
1268 4101 1319 4172 At

125 4273 128 4278 -
227 4221 349 4301 sentio
388 4247 450 4300 me
486 4219 635 4324 impetu
663 4217 834 4324 quodam
866 4219 1022 4316 doloris,
1050 4223 1161 4298 cuius
1193 4218 1321 4296 estin
