2976 4954
343 1185 1010 1316 ‘ruruuourruu

654 1541 789 1550 ---—-

150 1855 251 1960 Cum
272 1885 353 1960 iam
382 1884 428 1958 in
450 1909 493 1960 eo
518 1883 608 1972 sim,
635 1901 698 1971 ut,
725 1882 821 1985 quid
849 1885 890 1957 in
909 1885 982 1960 hoc
1000 1885 1120 1962 altero
1135 1889 1235 1963 Cau·
1322 1944 1326 1953 .

160 2011 298 2080 tacureni
320 2005 525 2080 volumine
541 2005 770 2109 praestitum
790 2005 853 2094 sit,
881 2029 1085 2108 exponam,
1112 2013 1236 2086 facete

150 2151 215 2200 rou
236 2155 413 2232 possum,
448 2127 548 2230 quin
573 2127 854 2203 acerbissimam
888 2153 994 2204 casus
1027 2130 1131 2206 illius
1158 2158 1235 2206 me*

144 2251 291 2328 moriam
320 2275 521 2340 renovem,
549 2251 622 2355 qui
647 2253 875 2355 necopinato
898 2277 1025 2357 nuper
1050 2253 1143 2330 boni
1169 2281 1235 2330 cu«

141 2372 266 2478 iusque
302 2377 486 2451 animum
525 2375 691 2478 perculit
725 2391 763 2448 et
796 2374 941 2451 alllixit·
992 2375 1111 2453 Cuius
1128 2381 1235 2458 enim

101 2542 106 2552 ·
136 2499 290 2574 coneilio
319 2497 563 2602 auspiciique
588 2497 770 2572 felicitate
796 2498 889 2574 haee
912 2501 991 2604 ipsa
1010 2501 1236 2602 Byzantino-

134 2647 216 2698 rum
240 2623 484 2726 scriptorum
509 2621 682 2697 collectio
710 2639 751 2696 et
776 2621 932 2700 condita
953 2643 1009 2700 est
1033 2643 1072 2699 et
1093 2626 1134 2700 in
1159 2627 1235 2702 laea

134 2766 205 2824 tam
236 2773 356 2854 spem
388 2748 569 2836 accrevit,
604 2771 694 2822 eum
724 2747 850 2823 subita
884 2767 1001 2851 atque
1026 2749 1233 2824 immatura

131 2892 253 2949 morte
287 2891 465 2978 creptum
492 2874 601 2950 nobis
627 2899 720 2963 esse,
756 2874 944 2977 quiscat,
980 2897 1096 2977 quem
1125 2899 1238 2950 nuuc

129 2994 296 3072 demum
319 2993 470 3072 edoceri
496 2999 694 3101 oporteat?
743 2998 901 3102 Quippe
927 2995 1164 3072 Niebuhrius
1188 3023 1235 3073 ea·

126 3141 210 3198 erat
235 3121 412 3197 nominis
437 3121 577 3223 gloria,
603 3122 884 3198 immortalibus
910 3123 953 3196 in
979 3147 1060 3196 rem
1086 3121 1233 3197 littera·

128 3247 227 3324 riam
246 3246 397 3322 meritis
413 3264 542 3352 parta,
574 3265 619 3322 ut
638 3263 677 3322 et
690 3245 812 3336 vivus,
839 3247 869 3322 si
887 3248 975 3350 quia
993 3246 1108 3335 aliua,
1128 3246 1234 3320 iuter

129 3369 391 3446 humanitatis
424 3368 563 3446 decora
604 3367 911 3474 splendidissima
929 3432 933 3446 .
950 3367 1230 3462 celebraretur,

130 3513 185 3584 et,
212 3491 290 3568 ubi
315 3493 394 3567 vita
419 3489 593 3582 decessit,
621 3492 737 3593 longe
760 3492 914 3595 lateque
941 3497 1047 3573 triste
1081 3497 1141 3574 sui
1167 3499 1231 3576 de-

129 3617 322 3694 siderium
353 3615 592 3693 diffunderet
625 3616 917 3719 communiaque
954 3619 1125 3698 iacturae
1148 3649 1231 3701 sen-

131 3771 220 3821 sum
258 3743 450 3819 excitaret.
508 3746 559 3818 Et
590 3767 679 3818 vero
713 3744 876 3837 nuntius
909 3745 978 3821 iste
1003 3774 1047 3826 eo
1079 3751 1236 3853 gravius

131 3867 315 3946 omnium
339 3871 487 3944 animoa
502 3867 650 3958 affecit,
678 3865 785 3972 quod
810 3869 853 3946 iu
873 3899 1010 3976 magna
1035 3894 1075 3951 et
1098 3879 1232 3954 multi-

131 3994 231 4100 plici
264 3993 496 4085 calamitate,
530 4020 669 4098 quam,
701 4011 759 4069 tot
782 3993 874 4071 viris
898 3997 1104 4100 praeclaris
1127 4025 1233 4076 tum-w

132 4143 278 4222 maque
292 4117 491 4194 doctrinae
513 4115 877 4223 laudeconapicuie,
903 4122 1028 4198 nescio
1054 4149 1131 4224 qua
1157 4124 1228 4204 tati

133 4243 362 4348 iniquitate,
389 4241 491 4318 intra
516 4237 590 4316 hoc
613 4239 726 4317 breve
760 4243 943 4350 temporie
965 4246 1133 4351 spatium
1167 4273 1230 4321 ex-
