2894 4942
377 325 665 394 ιιιειοιιιιιιυιι
696 327 752 396 ιιι.
773 335 827 404 ιε.
1054 331 1132 424 29¹

67 473 105 542 ἔτι
121 481 318 566 ιαίΛίρερον
332 479 433 548 αύτὸν
449 475 487 548 ού
502 480 674 566 σύμμαχον
693 481 773 563 έξειν
790 477 840 551 ἔτι
850 487 908 550 καί
919 489 1024 574 φίλον,
1055 486 1201 560 eattae.
1214 499 1285 570 stis

67 576 160 642 totto
186 579 324 665 ἀκριβῶς
343 579 400 646 καί
413 581 519 648 πάντα
542 579 756 668 πρυησόμενον
777 583 954 670 προθύμως
975 586 1059 672 ὑπὲρ
1077 591 1141 654 τοῖιν

68 667 137 761 αύτῷ
159 677 423 744 λυσιτελούντων·
463 673 547 746 ούτοο
575 678 649 765 γὰρΙ
672 684 922 768 ἐπαγγέλλεσθαι
949 682 1006 750 καί
1032 683 1142 754 αύτόν.

68 770 145 836 ἐδόκει
170 777 230 854 μὲν
260 767 317 842 σύν
337 776 456 861 πολλὴν
476 779 647 845 ἐπιείκειαν
667 777 724 846 καί
738 779 980 867 εύγνεομοσύνην
1007 779 1043 848 τὰ
1074 807 1141 850 τοι-

58 871 253 962 ΒιύιοΚρύλῃ
276 885 537 965 συμμαρτυρεῖν,
560 881 666 944 sisoi
688 883 765 966 παρ’
795 883 885 971 αύτῷ
917 883 1140 950 δυνατωτάτου
1219 887 1224 897 “

74 974 168 1050 βασιλεῖ
181 979 436 1059 προστιθεμένου
464 981 521 1042 καί
541 972 625 1044 οὕτω
641 983 790 1066 φανερῶς
810 979 888 1069 ύπὲρ
912 978 1033 1048 έκείνου
1055 985 1163 1049 πάν-Β

75 1095 99 1132 rs
113 1070 244 1156 ποιήσειν
274 1078 554 1159 ἐπαγγελλομένου,
580 1081 611 1143 εί
638 1082 782 1145 πείθοιτο
805 1079 902 1162 μόνον
931 1079 988 1166 τῆν
1017 1082 1139 1149 ε’κείναυ

9 1213 10 1218 1
72 1170 205 1254 θυγατέρα
224 1175 417 1254 συναικιζειν
438 1179 483 1262 τῷ
505 1173 582 1266 uiqi,
612 1175 695 1263 μήθ’
723 1177 912 1246 ὑποπτεύειν
931 1173 1038 1264 αύτὸς,
1061 1179 1141 1266 μήτε

71 1264 171 1334 natissa
188 1269 363 1356 ἐπεχείρει,
379 1276 575 1360 συνέπραττε
591 1276 628 1343 tt
639 1277 770 1357 μᾶλλον.
790 1280 882 1346 τούτο
904 1280 940 1343 δέ
960 1280 999 1344 ου’
1019 1285 1142 1362 μᾶλλον
1176 1331 1181 1353 ι

47 1367 103 1449 roric
118 1369 284 1448 ἐπιεικείας
304 1369 420 1460 Κρύλῃ
441 1365 495 1457 ἢν,
519 1368 543 1458 ἢ
562 1377 620 1458 τῆς
642 1377 786 1460 Λιβέροο
801 1369 988 1464 περιουσίας
1008 1382 1066 1444 καί
1080 1383 1142 1448 τοῦ

63 1464 161 1547 μεγάλα
183 1466 348 1535 δύνασθαι
370 1470 459 1556 παρὰ
486 1476 676 1557 Τριβαλοΐς,
707 1469 789 1540 ὥστε
809 1478 866 1541 καί
884 1473 986 1541 αύτὸν
1006 1474 1141 1564 Κρύλην

62 1565 246 1652 προσκρούειν
266 1569 435 1655 ἀρ’ῥωδεῖν.
483 1569 501 1636 ὃ
525 1574 585 1653 μὲν
603 1565 660 1638 σύν
679 1570 813 1658 Κρύλης
832 1578 967 1640 τοιαῦτα
987 1575 1067 1660 πρὸς
1081 1581 1143 1658 βα-

61 1668 141 1744 σιλέα,
158 1667 300 1755 διεξῄει,
330 1665 488 1754 παρόντος
514 1668 571 1736 καί
589 1673 747 1756 Λιβέρου.
767 1670 920 1755 βασιλεύς
932 1673 977 1738 ,δέ
996 1677 1142 1742 ἐπείθετο

59 1760 122 1846 τρίς
133 1765 302 1852 α’μφότερα
318 1770 544 1833 λυσιτελοῦντα
565 1768 651 1855 δρῶν
670 1771 706 1835 έν
725 1773 772 1861 τῷ
792 1771 934 1856 παρόντι,
957 1772 1014 1837 καί
1036 1769 1093 1858 τήν
1109 1796 1144 1840 τε

33 1859 180 1946 tiiaopr‘ur
199 1865 377 1948 οἷποεθεῖτο,
398 1861 446 1942 ὦς’
463 1866 627 1952 ἀδικήσειέ
644 1891 721 1932 ποτε
741 1867 797 1934 καί
815 1866 1053 1952 ἐπιβουλεύσειε
1068 1880 1164 1948 rotet}

57 1961 232 2045 συμμάχοις
285 1965 327 2027 ου’
344 1961 406 2049 γὰρ
428 1967 589 2044 τοιαύταις
610 1965 708 2044 αύτὸς
728 1964 923 2034 marcarum
940 1967 1016 2046 τούς
1028 1971 1144 2056 φίλους

8 2105 9 2108 ,
58 2055 234 2141 ιῖμειλλεσθαι
258 2061 462 2148 εὐεργεσίαις,
486 2058 567 2129 ὅπου
587 2089 622 2147 γε
643 2068 782 2141 καὶτοῖς
801 2069 976 2148 πολεμοῦσι
997 2071 1143 2153 φανεραῖς

57 2156 187 2224 attinere
209 2159 428 2242 ἐπιβουλεύων
448 2160 563 2249 έφύνη.
605 2161 715 2228 καὶτὸ
737 2161 816 2248 πρὸς
829 2163 955 2250 Συργὴν
971 2167 1066 2249 κῆδος
1085 2166 1143 2230 oriar

58 2253 138 2333 αὐτὸς
165 2257 310 2326 διαλύειν
343 2263 466 2347 πρῶτος
494 2259 649 2347 ἔφασκεν,
672 2257 742 2328 ἀλλ’
762 2264 882 2328 ἐκείνου
904 2263 1144 2353 ἀπειπαμένου,

30 2357 197 2440 ιομρδεμιαν
230 2356 336 2424 αἰτίαν
355 2353 458 2443 είναι,
486 2363 517 2425 εἰ
536 2365 593 2425 καί
611 2358 709 2438 utriq
728 2355 841 2445 ἑτέραν
859 2363 902 2451 rq'i
920 2359 982 2450 oiqi
1002 2361 1141 2448 ἁρμόσε-

55 2475 105 2518 rar.
141 2459 244 2523 καίτοι
256 2481 292 2542 γε
307 2458 378 2523 οὐδ’
400 2461 445 2534 εἰς
467 2462 600 2524 τοσοῦτο
620 2460 744 2541 δεσμῶν
766 2457 854 2544 ἥκειν
871 2458 927 2525 τὸν
946 2461 1059 2544 γάμον,
1080 2456 1144 2527 oio·

54 2573 80 2614 tt
102 2551 142 2637 rui
164 2557 282 2635 ίξεῖναι
303 2555 455 2623 διαλύειν·
485 2547 531 2624 ἐί
547 2554 610 2642 γύρ
629 2559 727 2641 μέχρι
749 2555 854 2642 ὅρκων
875 2555 1074 2644 προεχούρει,
1110 2561 1145 2640 έξ

55 2651 192 2734 ιύδεμιοῖς
211 2649 254 2720 air
267 2655 373 2731 αἰτίας
389 2653 574 2741 ἐπεχείρησε
593 2657 733 2742 διασπρῖν
743 2650 854 2733 αύτός.
867 2660 1036 2744 τοιγαροῦν
1048 2657 1144 2744 α’φιέ·

119 2824 155 2860 ιι.
170 2805 289 2879 Κροίλιςν
306 2805 368 2861 sud.
388 2805 425 2862 Μ.

58 2942 150 3006 possit,
177 2945 328 2998 intueatur.
365 2942 435 2996 Nam
461 2947 656 3014 praeterquam
685 2943 760 3016 quoti
786 2952 814 2998 et
839 2943 903 2997 aliis
930 2943 1064 2998 Tribeiiis
1092 2941 1145 2997 irre

58 3013 160 3080 nuptise
187 3013 325 3066 iucundae
344 3015 400 3066 sint
423 3009 550 3079 futurae,
577 3017 660 3068 etiam
686 3014 816 3067 Liberum
839 3015 928 3085 ipsum
954 3029 1011 3066 non
1040 3015 1145 3067 socium

59 3083 129 3134 nodo
150 3093 179 3136 et
194 3087 333 3146 smieum,
358 3082 407 3136 sed
434 3092 463 3137 et
480 3101 590 3138 serrum
607 3086 689 3154 piane
712 3084 799 3154 ipsius
824 3085 884 3137 iore
912 3084 1061 3154 omniaque
1085 3085 1145 3137 eius

59 3151 163 3204 utilitati
188 3161 315 3222 prompte
339 3155 575 3226 postpositurum,
606 3156 681 3226 quod
708 3155 827 3222 ipsemet
854 3154 1030 3223 polliceatur.
1071 3153 1146 3207 iiaee

59 3235 113 3284 res,
130 3233 160 3274 ut
175 3223 343 3294 apparebat,
361 3241 488 3295 msgnum
505 3225 582 3276 (sisti
599 3225 749 3295 aequitatis
769 3232 797 3276 et
814 3221 939 3278 candoris
955 3225 1145 3276 testimouium

60 3288 149 3354 debat,
173 3293 251 3364 quoti
272 3293 449 3362 dynastarum
476 3311 587 3348 suorum
613 3297 806 3363 potentissimo
834 3312 895 3346 eum
923 3293 1088 3363 imperatore
1116 3309 1146 3347 se

60 3361 233 3434 rouiungente
268 3363 395 3435 adeoque
423 3365 568 3418 manifeste
586 3366 677 3418 omnia
700 3365 776 3417 iilius
804 3379 885 3418 eausa
906 3363 1041 3416 iacturum
1060 3363 1145 3432 poiti-

60 3442 152 3497 rente,
175 3436 198 3485 ri
221 3435 247 3486 is
267 3443 372 3488 tautum
392 3436 477 3488 filiam
497 3437 585 3505 ipsius
603 3435 662 3486 iiiio
682 3451 732 3486 suo
750 3434 914 3497 eoiioearet,
932 3433 1004 3486 nihii
1022 3433 1146 3501 suspira·

62 3509 129 3555 retur
146 3505 228 3567 rasti,
246 3523 299 3560 neo
317 3505 479 3576 praepedire
497 3521 532 3557 ne
551 3506 638 3558 otium
657 3511 796 3567 tentaret,
820 3503 869 3557 sed
889 3504 1033 3556 adiuvaret
1051 3504 1145 3574 magis.

61 3567 153 3624 Verum
169 3575 242 3628 istuc
259 3591 316 3628 non
338 3585 395 3629 tam
411 3577 545 3647 aequitati
565 3574 662 3637 Graiis,
689 3591 772 3645 qusnr
790 3573 885 3628 Liberi
903 3573 1064 3645 opulentiae
1087 3591 1147 3630 ιτα,

63 3657 122 3722 pose
143 3661 177 3698 ue
198 3642 271 3698 inter
292 3643 433 3700 Tribaiios
457 3647 601 3716 potentiae
626 3643 856 3709 adscribendum,
883 3650 995 3714 propter
1016 3659 1100 3713 quarn
1118 3651 1147 3697 ot

63 3725 115 3780 rpse
158 3716 229 3768 raies
255 3731 317 3768 eum
341 3715 480 3769 offendere
501 3715 626 3772 timebat.
664 3715 738 3768 Hero
759 3716 844 3786 igitur
862 3716 911 3770 iiie
934 3731 995 3766 cum
1015 3721 1044 3766 et
1060 3714 1148 3766 Libe·

64 3797 103 3832 rus
124 3785 245 3849 adesset,
264 3786 338 3856 apud
358 3788 549 3857 imperatorem
568 3785 712 3850 disseruit3
736 3787 785 3856 qui
805 3784 881 3856 quod
901 3792 958 3836 tuns
979 3783 1066 3846 iilud,
1088 3791 1148 3840 tom

65 3847 157 3906 hocin
175 3859 332 3926 praesentia
351 3858 504 3910 conducere
529 3855 659 3919 ridebat,
678 3864 805 3908 neutrum
830 3862 939 3908 recusat
952 3863 981 3907 et
999 3855 1038 3906 ita
1056 3855 1148 3924 suspi-

66 3921 164 3978 tionem
177 3927 334 3983 eximebat:
355 3929 461 3981 nescire
479 3927 552 3980 enim
571 3944 600 3980 se
610 3928 712 3980 amires
722 3927 761 3978 sio
772 3923 952 3981 remunerari,
961 3923 1073 3993 quando
1083 3941 1149 3980 oon·

68 3997 159 4056 staret.
181 4013 233 4052 nec
249 3999 353 4067 apertis
371 3997 497 4051 hostibus
516 4013 639 4066 unquam
657 3993 836 4060 insidiatum
861 4003 890 4048 et
906 3995 1067 4048 sffinitatem
1086 4011 1149 4048 cunr

68 4059 144 4132 Surge
159 4083 216 4120 nou
234 4071 353 4138 priorem
367 4067 516 4130 diurnisse,
533 4067 584 4120 sed
600 4083 634 4121 eo
649 4082 778 4137 generum
797 4065 1059 4129 abdicante,oausae
1077 4065 1151 4120 nihii

70 4145 275 4197 ”remonon
294 4141 400 4209 etipse
424 4138 503 4191 siirm
522 4139 581 4190 fliio
608 4154 658 4191 suo
684 4152 795 4188 uxorem
823 4137 964 4207 iungeret,
988 4137 1150 4205 praesertim

69 4213 123 4254 tuus
139 4209 261 4262 nondum
285 4211 325 4262 sie
344 4209 505 4262 adstrictum
526 4209 612 4262 fuerit
627 4207 842 4270 matrimonium,
868 4215 901 4258 ut
918 4206 1065 4260 dissolvere
1092 4221 1150 4258 nors

69 4267 163 4330 liceret
188 4279 217 4332 st
229 4280 414 4336 iuramentum
434 4279 647 4346 intercessisset,
659 4277 736 4334 nulls
755 4275 888 4332 sisennas
908 4277 939 4332 isi
957 4275 1150 4334 distractorum
