2886 4948
264 267 265 272 '
350 268 643 355 auronrnuuu'
670 293 725 354 ru.
757 289 812 358 σε.
1059 262 1144 378 έοη

69 443 108 515 τίς
126 431 295 524 εῦψυχίαν.
324 439 355 507 ai
376 444 428 523 δέ,
451 441 494 520 τός
515 445 669 508 έπόθοντσ
689 440 746 527 την
769 441 902 522 α’ξίωσιν
921 441 1146 530 Ἀλεξάνδρου,
1155 453 1216 510 Ac.
1228 453 1293 526 rata

67 543 242 622 παρείχοντο
267 543 498 624 προθυμότατα
528 541 587 619 τοὶς
615 539 740 623 πόλεις,
763 546 942 626 δείσαντες,
972 543 1016 620 ιῦς
1045 543 1146 628 ἔοικε,

67 635 106 720 μη
125 641 380 730 Καντακουζηνηῦ
399 643 443 729 τῷ
463 646 594 724 βασιλεῖ
609 641 760 706 ιιοῖκείνων
781 647 1026 730 προσθεμένων,
1055 649 1148 708 πολε-

68 736 150 816 μίους
169 735 289 821 ἔχωσιν
309 741 381 806 α’ντί
401 737 582 823 συμμάχων
604 738 659 804 καί
679 735 843 824 ὑπηκόων·
876 745 932 806 καί
951 741 994 818 oie
1017 743 1052 806 έν
1072 765 1149 824 συγ-ι

52 831 158 918 όιρίσει
185 837 438 922 προτιμήσαντες
466 840 671 924 Ἀλέξανδρον
705 842 827 919 μᾶλλον
858 839 945 922 ἔχειν
977 834 1150 922 σύμμαχον

67 933 217 1016 ἐσόμενον,
252 933 274 1023 ἢ
300 936 353 1004 τόν
388 943 584 1022 πολεμοῦντα
616 939 883 1023 Κανταιιουζηνόν
915 938 971 1004 τόν
996 925 1149 1022 βασιλέα.

66 1029 136 1098 οὑτω
155 1039 269 1100 πᾶσαν
293 1039 509 1104 luctamina
538 1037 682 1122 σπουδὴν
704 1034 759 1101 καί
778 1036 963 1122 προθυμίαν
989 1033 1069 1123 ὑπέρ
1090 1039 1242 1132 varim„
1318 1034 1321 1038 ’

61 1133 217 1215 Ῥωμαίων
242 1134 300 1220 τήν
320 1131 427 1220 ἇρχὴν
454 1134 499 1220 μη
522 1139 753 1208 ἐλασσοῦσθαι.
774 1139 848 1206 ε’τιεί,
869 1141 976 1218 μέντοι
1003 1135 1061 1212 τὰς
1091 1132 1149 1200 πό-

66 1238 117 1309 λεις
136 1226 222 1316 εἶχεν
245 1232 261 1300 ό
278 1229 505 1320 Ἀλέξανδρος,
526 1233 667 1326 α’πῄεσυν
680 1229 777 1327 οὑτοι
797 1233 856 1319 τὴν
876 1239 1064 1318 συμμαχίαν
1087 1261 1141 1300 τισι·
1149 1249 1182 1304 V.
1192 1251 1245 1320 463

46 1330 96 1394 torri
114 1331 366 1418 τόςσυνθηίιας.
409 1333 426 1398 ό
456 1338 483 1399 δ’
512 1334 632 1421 ἔφασκε
653 1334 698 1418 μὴ
721 1331 900 1416 δύνασθαι,
935 1331 1030 1417 ἄχρις
1050 1326 1090 1398 όν
1119 1330 1149 1400 oi

65 1435 183 1512 Πέρσαι
205 1433 433 1518 ένδιατριᾜωσι
452 1438 491 1521 τῇ
510 1436 642 1523 Θρᾴκη·
668 1431 707 1499 δν
729 1438 765 1499 δέ
785 1459 846 1498 τινι
868 1431 974 1522 τρόπφ
997 1436 1150 1499 δύνωνται
1200 1459 1208 1480 ·

64 1536 174 1596 πείθειν
194 1533 379 1617 α’ττοχωρεῖν
398 1536 444 1606 εἰς
471 1532 530 1616 τὴν
552 1536 680 1613 Ἀσίαν,
714 1531 779 1598 τότ’
800 1527 861 1618 ἤδη
891 1535 1151 1621 Καντοκοοζηνῷ

65 1627 310 1717 ἐπιστρατεύσειν
337 1629 578 1716 προθυμότατα.
619 1635 713 1695 τοῦτο
743 1636 803 1712 μέν
831 1625 889 1697 οὑν
911 1630 1023 1716 ἑτέρας
1048 1635 1151 1698 ἐδεῖτο

64 1735 256 1816 παρασκευῆς
285 1733 341 1796 καί
370 1730 589 1818 πραγματείας
619 1724 657 1794 οὑ
694 1731 748 1812 τῆς
769 1732 937 1814 τυχούσης.
980 1727 1064 1811 ὅμως
1092 1731 1151 1797 σῦν

38 1825 197 1912 ιᾶέχοντες,
218 1824 284 1918 ’ὅπερ
317 1827 494 1926 χρήσονται
517 1825 634 1916 ἐτέρφ,
660 1825 841 1913 ἐτράπησαν
862 1827 917 1892 έπί
948 1831 1060 1909 τοῦτο,
1096 1831 1154 1894 καί

63 1925 160 2012 ιιρόφα
188 1932 446 2012 προσπέμποντες
480 1929 651 2010 διελέγοντο
681 1924 826 2011 Ἀμοὺρ,
855 1925 1006 2010 χρήματα
1037 1926 1153 1992 δώσειν

62 2027 317 2110 ἐπαγγελλόμενοι
338 2025 456 2106 πολλοὶ,
488 2027 518 2090 εί
537 2026 724 2107 πειθόμενος
745 2030 853 2101 αὑτοῖς
886 2025 991 2088 οἴκαδε
1014 2022 1173 2107 rivum-B

62 2121 190 2206 ρήσειεν.
235 2125 279 2201 σός
301 2127 336 2190 δὲ
357 2127 454 2190 ου’δέν
474 2128 539 2190 τοῖν
565 2127 823 2207 βεβουλευμένων
856 2121 1011 2207 η’δόναντο
1029 2118 1149 2207 όνόειν,

62 2221 112 2299 πός
127 2219 278 2300 τοιαῦτας
297 2220 487 2306 ὑποσχέσεις
508 2222 635 2309 ψόφους
655 2221 766 2300 νενοὺς
785 2225 905 2288 ἐκείνου
932 2223 1150 2304 λογιζομένου,

33 2323 109 2406 λοίφ’
126 2319 242 2406 ἑτέραν
269 2319 439 2408 ἐτράποντο
470 2322 640 2408 ἐπιβουλήν
682 2327 736 2387 καί
757 2316 1005 2406 Μαυρομμότην
1025 2317 1094 2384 τινὰ
1115 2321 1151 2384 έιι

67 2425 297 2510 Φιλαδελφείας
328 2414 419 2503 ῦνπα,
467 2419 502 2498 ῦς
532 2418 594 2486 ὑπό
619 2425 887 2506 Κανταιιουζηνοῦ
912 2424 972 2485 τοῦ
992 2419 1151 2500 βασιλέως

19 2545 28 2578 ι
63 2525 284 2606 προσετέτακτο
304 2519 362 2608 την
382 2527 456 2586 καθ’
468 2523 593 2608 ἡμέραν
610 2527 672 2588 raia
702 2523 888 2606 ἐπιτηδείων
907 2521 1017 2602 χρείαν
1034 2522 1078 2607 τῷ
1098 2519 1150 2584 Ἀ·

63 2619 140 2706 μοὺρ
170 2621 397 2706 ἀποπληροῦν,
425 2623 537 2686 τοῦτον
552 2620 591 2706 δη
618 2618 748 2686 έπεισαν
778 2621 970 2704 ὑποσχέσεσι
997 2617 1151 2703 μεγάλαις

125 2755 348 2828 &iuuandum
366 2756 394 2809 Ρ.
465 2773 507 2810 no.
528 2755 727 2828 Μαυρομιλτην
743 2754 780 2809 Μ.
839 2784 843 2791 ·

64 2879 110 2934 riri
134 2881 302 2944 fortissimi,
329 2883 377 3002 ηαί
402 2883 487 2934 nullis
515 2884 660 2946 Romanis,
690 2891 829 2952 quotquot
861 2884 1034 2945 militarent,
1060 2884 1150 2937 enimi

65 2951 248 3022 magnitudine
278 2952 431 3023 quiquam
457 2953 646 3005 concederent.
683 2953 814 3004 Petilioni
833 2953 980 3006 Alexandri
1000 2955 1152 3024 promptia·

65 3019 125 3074 rime
150 3023 320 3076 satisfactum
350 3032 405 3076 eat:
429 3023 579 3075 timebatur
597 3029 682 3086 enim,
701 3039 736 3074 ne
756 3030 783 3074 et
804 3023 860 3074 illia
880 3023 991 3093 oppidis
1014 3024 1151 3076 Cantacu·

65 3107 126 3146 aeuo
143 3091 376 3158 adhaerentibus,
394 3092 487 3146 hostes
506 3109 556 3164 pro
576 3091 758 3144 adiutrieibua
781 3101 809 3146 et
825 3093 956 3144 subiectis
976 3101 1149 3160 paterentur:

64 3173 89 3215 et
107 3163 181 3216 velut
199 3181 234 3217 ex
252 3164 455 3232 comparatione
474 3165 659 3216 Alexandrum
683 3162 802 3225 aucium,
821 3179 902 3232 quam
921 3163 1072 3214 bellantem
1101 3162 1150 3214 ad-

64 3247 147 3286 versut
170 3251 201 3289 ae
224 3235 442 3288 Cantacuzeurrrn
461 3234 654 3304 imperatorem
675 3235 798 3285 tuturum
816 3235 963 3288 malebant
1002 3233 1048 3285 Sic
1067 3235 1151 3286 etiam

63 3309 140 3374 atque
169 3305 254 3358 etiem
283 3302 463 3370 laborabant,
486 3307 509 3356 ai
529 3306 635 3372 ruperia
658 3306 761 3372 placet,
780 3320 815 3355 ne
835 3304 869 3356 de
891 3304 1008 3374 imperio
1027 3303 1149 3357 Romano

65 3371 206 3428 diminutio
233 3373 320 3429 lieret.
364 3377 511 3447 Postquam
533 3374 687 3428 Alexander
716 3371 796 3426 urbes
825 3376 949 3444 accepit,
972 3375 1016 3427 illi
1035 3391 1096 3426 oum
1115 3391 1150 3428 ex

63 3445 143 3511 pactis
168 3447 310 3500 conventit
336 3461 417 3516 opem
448 3455 574 3518 poscunt
619 3447 674 3498 ilex
692 3443 841 3510 affirmare,
861 3461 891 3498 εε
911 3463 966 3499 ποτε
986 3461 1065 3515 poure
1085 3461 1149 3496 suc·

65 3531 184 3580 currere,
203 3515 336 3588 quamdiu
357 3519 452 3570 Persae
475 3519 503 3568 iu
523 3516 640 3570 Thracia
655 3523 836 3577 versarentur,
855 3532 925 3585 qum
948 3516 972 3567 ai
991 3533 1046 3586 quo
1066 3514 1148 3568 modu

65 3584 95 3636 ad
119 3588 208 3638 Asiam
235 3585 411 3656 repetentiam
438 3587 642 3657 perpulisaent,
668 3594 726 3638 tum
756 3584 865 3638 demum
886 3586 996 3638 infertis
1014 3587 1098 3654 tignis
1118 3586 1149 3637 in

64 3653 275 3710 Cautacuzenum
294 3658 472 3726 cupidissime
492 3659 604 3717 iturum.
641 3657 698 3708 lloe
716 3663 807 3708 autem
825 3656 906 3708 aliam
925 3657 1099 3708 molitionem
1119 3661 1149 3708 et

66 3740 115 3778 nan
133 3731 242 3798 vulgare
259 3729 380 3781 studium
398 3727 566 3798 postulabat.
602 3728 797 3778 Verumtamen
816 3743 877 3778 eum
897 3727 965 3798 quid
986 3723 1064 3778 aliud
1084 3742 1150 3794 age·

67 3805 123 3848 rent
137 3815 191 3852 non
209 3798 351 3860 viderent,
371 3799 399 3852 in
419 3801 478 3851 eiua
498 3800 639 3852 voluntate
658 3798 877 3866 conquieverunt
896 3806 925 3850 et
947 3797 1017 3848 clam
1042 3797 1149 3848 aubmi-

67 3879 294 3940 arrunt,perquor
313 3885 373 3920 cum
382 3869 860 3939 Amariocolloquentea,immanern
880 3868 905 3919 ei
924 3865 1069 3935 pecuniam
1087 3867 1149 3936 pol·

67 3934 131 3989 liciti
160 3947 239 4002 aunt,
263 3941 286 3992 ri
315 3941 382 4008 ipsis
401 3938 549 3992 obsecutus
573 3939 684 3990 domum
706 3938 885 4006 renavigaret.
933 3937 986 3988 Ubi
1006 3937 1081 4009 quod
1100 3953 1149 3990 vo-

68 4003 155 4061 lebant
176 4027 232 4062 uon
264 4012 463 4079 impetrarunt,
487 4011 537 4062 illo
556 4010 624 4060 talia
644 4008 776 4078 promissa
800 4011 895 4060 inanes
914 4007 1058 4062 verborum
1077 4017 1152 4061 stre-

68 4077 134 4143 pitur
155 4089 310 4148 reputante,
327 4082 396 4132 aliae
415 4080 528 4133 iusidias
551 4087 750 4150 occoeperunt,
770 4085 797 4132 et
815 4079 1033 4131 Maurorumaten
1058 4095 1147 4148 quen-

68 4143 122 4198 dam
147 4149 431 4220 Philadelpbienaem‚
459 4167 539 4220 quem
568 4149 774 4202 Cautaeuaenua
797 4147 833 4199 ad
857 4149 1014 4202 dimensum
1040 4150 1069 4200 iu
1087 4147 1147 4200 dier

66 4217 169 4273 tnurto
186 4221 378 4294 praebendum
396 4224 594 4288 constituerat,
609 4219 751 4292 promissit
770 4217 932 4275 urberrimir
950 4221 1051 4292 agressi
1072 4226 1146 4282 aunt,
