2986 4936
393 350 680 419 nistonrnnun
709 357 765 418 nr.
784 357 839 431 93.
1069 324 1149 442 571

58 506 266 590 μοσαμένσυς
284 501 319 571 τὸ
342 501 506 588 βάπτισμα
526 503 580 571 dmi
602 502 661 593 τὴν
681 503 803 570 ἐκείνου
824 507 1007 572 κοινωνίαν·
1019 501 1104 582 -τσύς
1121 517 1225 572 sebit
1240 517 1307 590 ¹³4⁶

57 610 239 692 παριόντας
258 608 402 672 έκέλεοον
421 601 572 692 α’ργύρισν
593 603 685 693 ῥητὸν
705 605 938 672 emarcescent
957 607 1003 681 είς
1015 603 1074 692 τὴν
1088 600 1159 692 ἑορ-

56 702 132 791 τη’ν.
170 704 226 770 καί
254 699 295 790 ἦν
323 705 444 789 α’νοὶγκη
464 702 614 791 πράττειν
633 705 715 771 κατὰ
735 704 770 770 τὸ
792 704 920 771 ἐκείνων
939 707 1116 787 κέλευσμα,
1136 695 1259 790 dimas

55 803 301 872 ὑποπτεύεσθαι
322 799 438 871 adarim
458 799 517 888 ἦν,
553 804 596 882 uic
624 801 664 870 sd
693 806 966 889 Καντακουζηνοῦ
986 805 1045 871 τού
1065 809 1189 888 daonii

36 909 144 981 ὅλέως
171 905 327 994 ᾑρημένον
357 901 414 970 καί
444 903 626 988 ἀχθόμενον
653 902 734 990 πρὸς
754 904 813 989 τήν
841 903 1038 989 έρεσχελίαν.
1079 901 1161 985 μετὰ

55 1006 212 1070 τοῦτοδὲ
234 999 405 1087 μεθύοντες
426 1005 460 1069 έν
481 1005 683 1088 καπηλεύεις,
713 1005 769 1068 καί
796 1001 836 1068 τοὶ
859 997 941 1069 ἄλλα
965 1003 1162 1088 ἐξωρχσύντυ

56 1095 126 1171 ταῖν
148 1105 353 1188 Χριστιανῶν
382 1101 561 1190 μυστήρια,
594 1107 652 1188 τῆς
678 1104 767 1186 δίκης
788 1097 980 1187 ἆνεχομένης
1009 1105 1066 1168 καί
1084 1105 1164 1184 α’με·

58 1199 204 1269 λσύνταν
221 1205 284 1268 ταῖν
303 1204 476 1288 κεραυνῶν.
518 1193 564 1270 ὧν
594 1202 654 1288 τη“ν
674 1205 809 1268 σῖτοπίαν
828 1202 969 1289 μισήσας
992 1205 1049 1267 κατ’
1068 1201 1085 1268 ὁ
1105 1203 1165 1286 dri·-

58 1327 147 1386 μσς,
181 1301 338 1389 πρότερόν
357 1326 394 1369 τε
415 1301 450 1368 ἔκ
470 1327 566 1369 τινοιν
586 1304 698 1368 αἰτιῶν
718 1305 937 1388 κεκινημένος,
968 1305 1032 1366 τῶν
1052 1307 1166 1387 Ζηλω-

25 1405 130 1472 ιοτῶν
153 1425 243 1478 τινας
273 1405 308 1467 έν
339 1405 385 1491 τῷ
415 1405 472 1489 τῆς
501 1403 652 1468 demissos
684 1407 742 1487 τῆς
774 1399 1018 1488 ἀχειροποιήτσυ
1041 1403 1167 1482 τεμένει

59 1500 139 1577 τούς
168 1503 229 1584 μέν
257 1501 447 1589 ἀπέσφαξαν
470 1496 627 1586 ἆνηλεεὸς,
658 1504 715 1568 ἕνα
742 1504 779 1568 δὲ
804 1500 870 1578 καίΙ
890 1499 944 1566 did
967 1503 1023 1587 τῆς
1046 1496 1167 1586 ἀγορᾶς

62 1605 266 1684 κατέσυραν,
290 1601 394 1677 λίθοις
413 1598 585 1685 βάλλοντες
605 1599 661 1666 καί
681 1600 786 1680 ξύλοις
815 1609 881 1677 τοῖς
910 1604 1163 1687 προστυχούοιν,

61 1705 127 1779 ἔτος
159 1701 338 1766 ἀπέπνευσε
367 1696 561 1786 συρόμενος·
596 1697 652 1764 καί
682 1695 754 1766 τότε
783 1699 861 1768 ου’δέ
892 1696 1087 1784 ἠγανάκτησε
1111 1699 1166 1764 διὰ

59 1801 120 1866 τὸν
146 1797 375 1884 Παλαισλόγσυ
405 1799 523 1886 φόνον,
555 1797 635 1866 silici
666 1801 761 1883 δῆλος
788 1793 829 1883 ἦν
862 1795 1016 1884 ἡδόμενος
1047 1799 1102 1863 ἐπὶ
1119 1789 1169 1887 τρῖ

27 1897 345 1980 ιᾶοῖποσκευάζεσθαι
373 1898 450 1976 τούς
477 1897 645 1984 ’Ζηλωτύς
674 1895 879 1974 ’Ἆπύκαυκος
908 1901 945 1964 δέ
965 1891 1027 1983 ἤδη
1053 1899 1194 1964 nisuve

62 2001 151 2086 ἔχων
171 1997 233 2084 τὴν
258 1999 364 2085 α’ρχὴν
384 1997 493 2082 missio,
526 1999 711 2084 παρρησίας
727 2022 764 2063 τε
776 2001 953 2080 μετέδωκεν
974 2000 1014 2060 ού
1032 1999 1089 2082 τῆς
1108 2021 1167 2061 το-

62 2100 190 2184 χούσης
209 2103 276 2176 τοῖς
296 2097 337 2164 τύ
358 2103 516 2182 βασιλέως
535 2099 729 2184 πράττουσι,
758 2096 816 2164 καί
835 2093 936 2173 ariscio
955 2089 996 2182 ἤν
1025 2093 1168 2184 φανερὰς

63 2197 107 2266 τύ
133 2201 256 2264 ἐκείνου
277 2197 451 2286 ᾑρημένος,
472 2196 610 2264 καὶτῶν
630 2201 806 2282 Ζηλοοτῶν,
838 2191 909 2262 ὅσοι
929 2199 989 2279 μὲν
1020 2197 1056 2260 έν
1085 2191 1167 2284 λύμην

66 2293 165 2385 ἦσαν,
188 2299 386 2362 κατέκλεισεν
406 2298 439 2362 έν
462 2295 688 2384 ύεσμωτηριλρ,
706 2293 785 2381 πρὸς
806 2297 1015 2378 Πλαταμούνα
1036 2295 1170 2374 πέμψας

32 2401 121 2462 toras*
133 2395 194 2473 τὰς
214 2388 313 2470 ἄλλας
333 2397 496 2478 πολίχνας,
518 2390 594 2460 ὅσαι
613 2390 767 2484 ύπάύτῷ
788 2397 934 2461 έτὲλουν·
950 2391 1055 2460 siste
1071 2387 1169 2458 ἄλλον

66 2493 230 2584 συρφετὸν
258 2494 391 2578 ἐξήλασε
416 2497 472 2580 τῆς
505 2493 639 2571 πόλεως.
678 2497 793 2572 ἐκεῖνος
820 2497 856 2560 δὲ
880 2491 943 2560 εἴτε
974 2491 1026 2560 τὸν
1046 2493 1169 2575 πατέρα
1264 2503 1266 2509 ’

67 2592 242 2677 δεδοικώς,
269 2593 333 2660 εἴτε
353 2603 417 2670 τοῖς
437 2597 590 2660 συνσύσιν
610 2588 780 2678 dusares,
814 2592 893 2681 πρὸς
915 2593 975 2680 τὴν
998 2589 1169 2678 ἀκρόπολιν

70 2695 174 2762 ἐλθών
195 2696 300 2780 διῆγε·
325 2697 381 2760 καί
402 2697 679 2778 Θεσσαλονικέων,
700 2689 769 2760 ὅσοι
791 2691 832 2760 τοὶ
852 2699 1010 2778 βασιλέως
1031 2691 1169 2776 ε’ξαρχῆς
1241 2741 1247 2756 .

75 2797 222 2882 ᾑροῦντο,
243 2793 348 2868 ούκέτι
370 2793 617 2877 ύπεστέλλοντο,
649 2791 730 2860 ἄλλα
752 2791 834 2878 μετσὶ
856 2795 1037 2884 παρ’ῥησίας
1056 2791 1169 2880 προοί-

141 2933 184 2970 so.
207 2911 302 2967 ἄλλων
320 2913 349 2968 Ρ.

75 3018 121 3090 qui
143 3019 333 3072 Cantacuzcno
358 3017 450 3074 lavere
475 3015 660 3082 videbantur,
690 3015 917 3088 comprehensos,
944 3018 1021 3071 velut
1052 3018 1101 3088 qui
1121 3032 1171 3088 per

75 3093 132 3140 cius
161 3089 384 3142 communionem
419 3089 585 3157 baptismum
618 3091 788 3152 eiurassent,
819 3089 911 3140 denuo
941 3085 1111 3140 lustrabant:
1139 3103 1172 3140 ae

72 3167 282 3230 praetereuntes
302 3161 482 3214 constitutum
503 3161 623 3230 pretium
643 3161 678 3213 ad
696 3161 778 3211 iosias
794 3157 935 3228 agitandas
956 3158 1092 3210 iubebant
1104 3175 1171 3228 per·
1191 3209 1194 3217 λ

72 3233 189 3288 solvero.
228 3231 284 3301 Qui
311 3231 334 3282 si
360 3232 530 3294 abnuerent,
563 3231 654 3282 statim
679 3231 708 3282 in
727 3229 911 3299 suspicionem
932 3228 1172 3282 Cautscuzenismi

71 3302 252 3366 incidebant,
277 3307 306 3352 et
326 3301 454 3354 ludibriis
479 3301 537 3354 iilis
556 3300 660 3354 olleodi
681 3301 859 3371 putabantur.
895 3299 1037 3352 Praeterea
1056 3300 1085 3352 in
1106 3315 1171 3352 eau-

70 3372 154 3442 pouis
173 3389 260 3442 usque
279 3371 313 3423 ad
331 3373 495 3424 ebrietatem
514 3380 708 3442 perpotantcs,
731 3369 892 3422 Christianis
911 3371 1048 3440 mysteriis
1066 3369 1172 3423 illude·

69 3443 161 3506 bant,
195 3443 319 3513 patiente
346 3452 375 3496 et
392 3444 508 3496 fulmina
530 3446 691 3494 continente
711 3439 805 3494 divina
823 3442 938 3493 iustitia.
976 3441 1102 3512 Quorum
1120 3455 1172 3492 ue-

70 3513 160 3566 t'anda
181 3516 283 3566 scelera
303 3517 421 3582 populus
441 3529 557 3576 exosus,
577 3520 605 3563 et
622 3511 738 3564 antebac
758 3511 889 3582 quasdam
918 3511 953 3564 ob
982 3528 1078 3565 causas
1105 3525 1172 3563 ena·

69 3583 211 3644 corbulus,
225 3585 330 3636 Zelotas
342 3585 491 3637 nonnullos
504 3586 534 3635 ln
549 3585 684 3652 Deiparae
697 3599 753 3634 non
766 3583 920 3636 manufacto
938 3582 1042 3653 templo
1067 3582 1172 3652 absque

68 3651 264 3710 misericordia
283 3655 405 3708 occidit:
424 3671 509 3709 unum
525 3671 575 3723 per
594 3655 682 3706 foranu
703 3653 804 3718 traxit,
822 3653 1020 3726 lapidibusque
1039 3661 1068 3706 et
1087 3653 1171 3719 lignis

70 3727 165 3781 obviis
186 3724 292 3776 tamdiu
312 3725 450 3794 impetivit
469 3743 501 3776 ae
521 3725 656 3788 contudit,
675 3723 763 3777 donec
782 3725 902 3776 animam
921 3727 1069 3794 expiraret.
1091 3723 1173 3776 Tune

69 3800 173 3868 itaque
204 3794 239 3849 ob
262 3797 382 3848 occisum
409 3796 600 3916 Palacolopum
629 3794 703 3848 baud
731 3795 917 3850 irascebatur:
953 3794 1003 3847 sed
1028 3794 1118 3846 libore
1143 3801 1174 3848 et

68 3868 167 3938 palam
189 3873 302 3936 propter
330 3875 479 3920 summotos
509 3867 542 3919 Ze
556 3873 613 3918 otas
646 3865 762 3919 laetitiis
792 3865 947 3918 incedebat.
991 3863 1173 3934 Apoeaucbus

70 3940 151 3992 solus
172 3937 227 3988 iarn
246 3937 411 4008 praelectus,
427 3939 521 3989 amicis
543 3939 715 4006 imperatoris
734 3955 790 3988 non
809 3953 917 4004 parvam
942 3935 1101 3988 libertatem
1120 3939 1174 3990 lm·

70 4006 234 4080 pertiebat,
260 4009 376 4078 ipseque
395 4008 550 4060 earumdem
569 4023 598 4060 so
624 4009 744 4077 partium
763 4021 822 4058 esse
844 4025 901 4060 non
918 4006 1127 4072 dissimulabat,
1145 4015 1175 4062 et

73 4080 185 4134 Zelotss
205 4077 368 4150 insigniores
386 4077 422 4131 ad
448 4078 633 4132 Platamonem
651 4085 736 4148 etque
761 4077 870 4130 adalia
890 4077 1024 4147 oppidula
1043 4079 1110 4130 iuris
1131 4079 1174 4130 sui

74 4151 208 4212 mittens,
235 4150 265 4202 in
290 4165 424 4202 carcerem
448 4149 591 4212 tradebat,
618 4149 751 4219 reliquam
776 4148 922 4200 colluviem
943 4165 976 4200 ex
993 4147 1062 4203 arabe
1081 4158 1175 4202 exter-

74 4218 214 4277 minabat.
251 4219 360 4274 Deinde
376 4235 440 4271 voro
460 4222 517 4274 sive
535 4229 640 4290 patrem
660 4219 775 4282 timens,
795 4221 853 4273 sive
875 4217 1001 4272 diffidens
1021 4219 1094 4282 suis,
1118 4217 1176 4270 arci

76 4307 107 4345 sc
130 4289 233 4356 credit,
260 4297 289 4346 et
309 4289 587 4358 Thessalonicenses,
616 4297 755 4364 quotquot
780 4287 814 4342 ab
839 4289 922 4344 initio
949 4289 984 4342 ab
1010 4289 1175 4362 imperatore
