2976 4954
302 251 352 304 ιο
761 247 970 314 remoctm

293 402 555 472 quaerieuiimen's
571 403 620 458 sui
640 401 700 454 eins
718 403 828 456 nomine
847 399 886 454 ad
900 398 1060 474 pontificem
1076 399 1225 452 &menum
1239 395 1369 472 mrmcid,

290 473 446 540 periculum
468 473 497 526 ei
520 489 647 543 magnum
674 473 790 542 constat.
835 472 980 526 clementis
1004 470 1076 524 sesti
1100 484 1263 540 responsum
1304 465 1373 536 Quid

284 542 420 613 fitcturus
438 543 642 614 Apocauchns,
668 544 694 594 si
717 540 797 596 dqus
817 537 1057 614 non'procederet
1074 537 1142 609 <87)·
1180 537 1276 590 Odium
1293 539 1323 591 in
1338 539 1372 589 ii·

293 613 350 664 hm
375 629 524 667 commune.
567 614 649 681 Urget
675 609 900 687 aedificationem
920 612 1043 666 carceris
1060 623 1087 664 et
1106 629 1125 662 a
1141 609 1246 662 vinctis
1265 607 1372 662 citrun-

294 695 382 735 catur.
419 685 574 738 Amicorum
591 693 618 735 et
634 683 730 735 uaeris
748 680 926 752 Imperatoris
944 682 1055 734 litterae
1075 678 1109 733 de
1121 680 1182 745 eius
1204 691 1312 732 nectet
1331 678 1373 729 in-

292 753 396 807 vitatio
417 755 598 820 Byzantium,
618 755 750 822 urbisque
770 747 950 822 occupandae
965 747 1097 803 indicata
1114 745 1293 803 commoditas
1310 749 1374 817 (88).

288 824 389 878 Persae
415 823 498 878 duces
522 819 689 893 persuadent
709 822 921 882 Cannensem,
939 825 982 874 uti
999 822 1094 872 statim
1111 837 1172 872 cum
1190 819 1313 874 omnihus
1331 834 1375 870 co·

286 895 344 963 piis
363 894 527 961 Byzantium
545 891 651 948 tendat.
690 893 766 945 Uxor
790 891 949 960 Apocauchi
976 891 1007 942 in
1024 890 1162 960 Epihatas
1179 893 1290 962 migrat.
1324 889 1377 942 Im·

285 977 402 1036 perator
420 967 529 1034 cuipam
546 965 709 1016 amissarum
730 963 839 1016 urbium
856 959 1043 1016 Macedoniae
1060 963 1091 1014 in
1102 961 1201 1015 Persas
1217 965 1374 1014 ducescon-

279 1035 357 1104 fert,
377 1051 436 1088 cum
455 1035 554 1108 quihus
572 1037 604 1085 in
621 1030 816 1086 Macedoniam
834 1031 917 1090 redit.
951 1031 1109 1086 Sedimanus
1127 1031 1254 1084 moritur.
1291 1031 1376 1084 Anu·

285 1105 540 1226 Zuspprouinciae
559 1119 631 1227 suaet
644 1103 826 1228 ‘iesimme
844 1101 1295 1247 timensfihdomgsapzltreptitstpat
1309 1101 1376 1240 gg)-

313 1193 326 1224 s
383 1193 446 1229 eras
467 1191 535 1228 occu
555 1193 571 1226 a
605 1192 620 1228 e
711 1193 735 1226 m
755 1191 907 1237 eratorem,
978 1193 1022 1228 um
1226 1191 1240 1226 e
1367 1205 1374 1220 ·

284 1247 416 1299 Batatees
434 1246 525 1298 iussus
535 1193 614 1317 &nes
632 1194 804 1311 Byzantinos
821 1251 969 1302 incursat:
993 1242 1032 1300 ad
1052 1189 1255 1314 imperatricem
1283 1243 1377 1294 immo·

266 1311 350 1368 'dica
365 1313 481 1368 honoris
499 1313 630 1384 cupidine
647 1317 761 1370 transit.
805 1321 910 1378 causa,
934 1331 986 1368 cur
1008 1314 1176 1386 Imperatria
1203 1331 1222 1365 a
1243 1329 1314 1384 pace
1336 1311 1376 1366 eit

283 1384 471 1439 abhorruerit.
507 1389 644 1440 Batateen
658 1387 737 1442 adse
752 1404 886 1444 reuocare
902 1388 1078 1458 quamohrem
1095 1383 1237 1436 laborarit
1256 1383 1377 1455 impera·

284 1469 336 1508 tor·
380 1457 452 1508 Iiius
476 1458 655 1526 praeclarum
671 1455 810 1531 quoddam
830 1459 929 1514 visum.
970 1460 1097 1510 Batatees
1116 1473 1133 1503 a
1157 1455 1252 1507 Persis
1286 1465 1379 1524 reptet·

282 1527 476 1596 Imperatorem
494 1526 641 1580 occiditur.
678 1529 821 1598 Empyrite
837 1529 1011 1599 imperatrici
1026 1522 1194 1581 transditur.
1231 1525 1378 1593 Perango·

281 1597 366 1666 puiue
384 1593 520 1667 quidam,
553 1598 646 1652 invito
663 1600 836 1668 Imperatore
861 1601 892 1652 in
917 1611 1012 1651 castra
1037 1593 1189 1655 adductus,
1227 1609 1246 1644 a
1270 1609 1378 1648 veneno

283 1683 343 1718 eum
354 1677 451 1718 seruat
465 1665 531 1734 (90).
568 1667 714 1722 IIieracem
733 1671 787 1724 sihi
803 1671 897 1725 moliri
910 1670 1062 1732 interm,
1080 1683 1137 1719 non
1149 1662 1241 1718 credit
1252 1665 1379 1734 primum.-

282 1753 361 1807 quem
385 1733 485 1788 deinde
502 1737 594 1811 officii
618 1739 755 1794 admonet.
794 1741 859 1795 Cum
879 1738 1063 1794 Archontihus
1083 1739 1181 1791 iterum
1201 1745 1234 1786 ut
1249 1733 1377 1803 proditor

281 1805 348 1872 agit.
385 1804 460 1858 Idem
476 1807 553 1876 flacit
580 1809 806 1880 Paraspondylue
824 1823 851 1865 et
868 1809 937 1863 duas
956 1810 991 1862 oh
1010 1825 1109 1864 caueae
1125 1806 1261 1859 Hieracis
1279 1821 1378 1860 nomen

282 1873 322 1928 ad
340 1875 533 1942 Imperatorem
554 1876 651 1951 defieri.
689 1882 743 1944 Qui
760 1882 794 1934 in
812 1899 907 1952 pugna
924 1881 1106 1940 uulneratus,
1135 1873 1175 1928 ad
1196 1887 1295 1933 caetra
1316 1891 1378 1946 per·

280 1943 401 1999 ducitur.
447 1949 609 2013 Byzantium
626 1951 766 2022 prestigiis
790 1951 831 2004 ihi
850 1949 884 2006 de
907 1947 991 2004 caede
1014 1946 1194 2020 Imperatoris
1218 1963 1279 1998 non
1302 1945 1379 2002 obita

280 2032 392 2069 causam
411 2013 489 2074 dicit.
527 2017 654 2072 Studiosi
674 2021 853 2094 Imperatoris
871 2020 1001 2090 Byzantii
1018 2021 1073 2072 iam
1090 2015 1235 2086 manifesti
1259 2013 1302 2070 ad
1320 2033 1379 2070 eum

278 2085 448 2157 perfugiunt.
480 2091 595 2142 Hierum
611 2107 701 2159 paene
720 2106 882 2160 occupatum
893 2109 928 2142 ac
941 2109 1004 2143 moa
1012 2107 1064 2159 per
1077 2086 1283 2158 negligentiam
1297 2088 1379 2139 ams's-

278 2176 337 2209 sum
352 2157 419 2225 (91).
454 2157 642 2229 Adrianopoli
657 2161 866 2216 Contacueenus
879 2171 1041 2218 coronatur.
1063 2157 1177 2216 Ioanni,
1191 2157 1379 2226 patriarchae

281 2228 612 2298 Constantinopolitano,
633 2230 667 2281 ab
684 2232 836 2302 episcopis,
854 2233 1022 2301 Imperatore
1040 2237 1199 2294 annuente,
1221 2229 1316 2281 sacris
1332 2229 1380 2281 in-

279 2294 437 2348 terdicitur.
475 2297 647 2351 Primoreiet
665 2303 802 2354 exercitus
819 2301 990 2356 Mottisaeum
999 2298 1096 2376 filium
1114 2301 1318 2368 Imperatorem
1335 2297 1380 2352 de·

281 2366 392 2434 signari
415 2377 534 2434 rogant.-
559 2368 636 2440 quod
656 2370 811 2440 Imperator
827 2374 969 2442 sapienter
986 2384 1097 2426 recusat
1113 2371 1184 2440 (9²).
1227 2367 1382 2424 ssessuic-

278 2435 432 2488 nicensium
451 2435 556 2490 caedes.
592 2439 776 2512 Paiaeoiogus
792 2443 951 2512 praefectus
970 2461 988 2496 a
1007 2443 1114 2496 Ioanne
1137 2439 1314 2510 Apocaucho
1337 2441 1383 2492 in-

277 2503 426 2578 terficitur.
468 2508 627 2562 Zelotarum
648 2513 738 2564 scelus
762 2525 789 2566 et
811 2511 946 2584 impietas.
983 2511 1100 2579 Quidam
1118 2529 1217 2566 eorum
1237 2529 1257 2563 a
1274 2511 1380 2582 popsdo

277 2587 456 2643 mactantur,·
481 2593 551 2631 nnus
574 2596 626 2650 per
640 2579 733 2650 sorum
752 2583 882 2637 trahitur.
918 2583 1096 2655 Apocauchus
1117 2595 1169 2654 pro
1198 2583 1384 2635 Cantacuse·

276 2645 342 2698 nico
358 2663 518 2716 segerens,
535 2650 651 2703 Zeiotas
663 2653 761 2722 punit:
780 2651 960 2726 defectionem
971 2653 1010 2706 ad
1024 2653 1233 2724 imperatricem
1247 2653 1382 2704 simulat.-

273 2727 355 2787 patre
371 2729 479 2770 mortuo
493 2731 587 2803 aperte
608 2722 802 2776 Cantacuzena
812 2725 917 2798 struet:
942 2723 1166 2776 Thessalonicam
1184 2724 1231 2786 ei,
1254 2723 1382 2777 concilio

278 2783 467 2910 iiiiii:
487 2788 582 2933 :iii
604 2791 1384 2934 iii·.ii..5?':·‘..“.⁶2‘52”.'t:“..²‘iiiimxiiii&

278 2937 306 2978 et
321 2926 438 2978 coccias
450 2931 579 2998 populum
595 2928 635 2982 ad
643 2947 721 2984 arma
734 2934 895 2987 sollicitant.
933 2931 1115 3002 Apocauchus
1128 2945 1155 2986 et
1168 2934 1249 2988 socii
1263 2953 1384 2992 carcere

278 3010 313 3047 ac
329 2997 394 3048 vita
410 2997 571 3056 muitantur.
598 3004 738 3054 Humanas
753 3001 836 3072 adeps
850 3003 1009 3059 comeditur.
1044 3002 1209 3057 Matthaeus
1218 3003 1306 3074 filius
1324 3024 1383 3058 rem

277 3077 377 3119 contra
398 3067 546 3126 Hieracem
563 3071 594 3122 in
619 3071 740 3126 Thracia
750 3073 882 3145 [αἰτίαν
899 3078 972 3144 gerit
993 3075 1059 3146 (94).
1095 3071 1278 3129 Patriarcha
1303 3078 1383 3130 Core-

275 3135 544 3206 stantinopoiitanus
559 3159 576 3192 a
588 3159 664 3262 papa
682 3142 858 3208 declaratus,
884 3147 1016 3214 Smyrnae
1033 3147 1067 3199 ah
1087 3146 1206 3199 Amurio
1224 3145 1384 3202 Persarum

275 3219 400 3279 satrapa,
428 3208 576 3278 iugulatur.
600 3214 623 3265 C
640 3214 664 3266 ii
677 3216 809 3284 compulsi
825 3217 1012 3269 Bonnensibus
1030 3235 1058 3270 se
1074 3215 1195 3270 dedunt.
1216 3217 1383 3273 Phaceoia-
1485 3207 1486 3274 J

275 3289 329 3338 tus,
349 3289 433 3347 capta
447 3277 502 3332 iam
522 3281 599 3344 Chio.
619 3299 679 3336 crem
697 3287 854 3340 triremibus
866 3287 923 3338 suis
940 3290 1104 3354 Byzantium
1118 3285 1218 3339 redit.-
1244 3291 1385 3343 Genuen-
1485 3299 1486 3315 ¹

274 3365 329 3399 sem
352 3349 513 3403 onerariam
533 3353 687 3424 intercipit.
721 3357 888 3425 Imperatria
899 3359 1038 3425 Mpaiicis,
1059 3357 1385 3432 Carbonaeprincipis,

274 3435 291 3469 o
311 3435 351 3500 em
368 3419 505 3488 impetrat.
540 3423 609 3475 Eius
615 3425 739 3496 fratrem
758 3427 958 3495 Tomprotisam
973 3431 1109 3484 exercitus
1127 3427 1261 3481 Bomani
1281 3430 1385 3485 ducem

263 3436 352 3558 βαι.
372 3489 497 3543 Orcheni
510 3492 666 3556 Theodora,
679 3497 859 3566 Imperatoris
873 3497 955 3570 filia.
978 3498 1053 3568 apud
1065 3499 1230 3566 Selybriam
1245 3503 1386 3557 solenni·

276 3555 324 3606 hus
349 3575 407 3610 curn
436 3564 615 3617 caerimoniis
632 3578 744 3632 nuptum
764 3567 893 3620 traditur.
940 3569 1070 3624 Eiusdem
1091 3582 1248 3626 matronae
1270 3575 1386 3628 eximia

272 3627 366 3678 virtus
380 3627 444 3699 (95).
481 3633 672 3702 Speculatores
686 3638 814 3688 submissi
835 3655 870 3691 esc
889 3639 1010 3694 Ponticis
1023 3641 1152 3700 urbibus,
1177 3659 1312 3713 quorum
1333 3646 1385 3698 in·
1484 3695 1485 3710 ,

272 3693 347 3748 dicio
365 3699 484 3752 sicarius
504 3701 730 3772 deprehenditur.
767 3709 933 3774 Imperatrix
951 3708 990 3762 ad
1002 3711 1162 3769 Sarchenis.
1187 3713 1310 3780 lydiae
1333 3735 1386 3769 sa-

272 3777 381 3848 trapae,
397 3772 532 3824 auxilium
549 3774 682 3846 confugit.
703 3779 810 3829 Amurii
823 3777 923 3832 techna
944 3778 983 3830 ad
998 3780 1223 3835 succurrendum
1244 3788 1384 3856 Impera-

267 3847 333 3887 tore.
368 3837 468 3894 Persae
486 3859 503 3892 a
515 3843 666 3914 perfidioso
681 3846 759 3912 sacto
776 3847 911 3902 cohibiti:
936 3851 1033 3903 obvios
1049 3853 1162 3923 capiunt
1183 3865 1216 3907 et
1235 3859 1386 3928 spoliant.

268 3905 362 3959 Duces
375 3924 468 3961 eorum
489 3911 522 3963 ab
539 3915 706 3984 Imperatore
724 3919 859 3970 convivio
876 3922 1072 3988 excipiuntur:
1095 3924 1174 3993 iique
1195 3941 1385 3993 praeterna-

269 3976 400 4036 vicantes
413 3994 440 4031 ct
454 3985 645 4038 conviciantes
665 3989 813 4044 Byzantios
827 3991 937 4058 sagittis
953 4003 1056 4059 petunt.
1095 3995 1250 4063 Byzantii,
1277 4015 1386 4052 eorum
1483 3989 1484 4028 i

269 4045 423 4128 domatione
437 4066 595 4120 perspecta,
621 4055 745 4108 redeunt.
789 4059 910 4113 Donatis
926 4059 1052 4123 ducibus,
1064 4062 1167 4116 Persae
1188 4061 1315 4121 domum
1332 4087 1385 4123 re·

269 4128 433 4171 mittuntur:
456 4123 589 4175 Moesiam
604 4123 829 4195 depraedantur:
844 4131 998 4196 Imperator
1011 4145 1168 4185 excusatur.
1207 4139 1256 4192 De
1274 4142 1385 4194 Boena-

269 4185 454 4268 nislhestihue
467 4205 495 4246 et
514 4196 673 4250 auctoribus
689 4200 822 4252 maiorum
839 4203 959 4255 omnium
979 4206 1075 4276 gravis
1088 4207 1286 4275 querimonia
1305 4211 1384 4284 (96).
