2894 4936
379 139 390 180 ί

324 291 609 358 σιετοοιλουυ
640 293 694 354 ur.
713 295 768 366 ππ.
1023 260 1105 366 dtr

46 436 153 514 εὸνοίας
171 435 287 516 πολλὰς
308 438 461 522 ολμολὸγει
480 436 639 526 χάριτας·
671 435 880 522 συνεβούλευε
904 441 950 522 δὲ,
969 437 1042 506 inci
1062 434 1107 522 μή
1118 454 1179 515 μς,
1192 457 1258 529 ιςςς

46 539 149 600 πειθειν
177 531 279 602 οίὸστε
317 540 437 621 ἐγένετο
445 589 455 619 ,
499 541 667 625 πρεσβείαν
688 536 767 624 πρὸς
795 537 947 622 βασιλίδα
976 541 1137 619 πέμπεινΒ

45 636 80 710 τίς
97 633 268 714 Βυζάντιον
293 637 349 702 καί
371 635 499 718 ὁμοίους
524 649 588 714 σοῖς
611 643 774 724 προτέροις
798 641 872 723 περί
900 640 955 723 τῆς
986 634 1113 723 εἰρήνης

45 740 188 800 ποιεῖσθαι
220 735 332 820 λόγους
352 737 408 804 καὶ
434 736 492 823 τήν
524 739 676 820 ἀβουλίαν
709 737 874 816 ὀνειδίζειν
905 739 1033 819 ατίτοΐς,
1064 731 1113 802 ὁτι

31 831 87 898 tiu·
106 831 216 920 ναὸτήν
236 837 275 922 τῇ
296 836 461 918 Ῥωμαίων
483 837 633 926 ἡγεμονίᾳ
662 841 778 920 πολλῆς
807 835 902 902 αἴτιοι
936 835 1114 920 γεγένηνται

44 937 173 1015 φθορᾶς,
208 937 265 1000 καί
293 932 339 1000 ἔτι
371 939 531 1020 πλείονος,
563 931 667 1026 ὁνμή
689 937 882 1018 πείθωνται,
919 934 1114 1020 γενήσονται.

43 1040 189 1114 παραινεῖν
212 1058 247 1099 τε
269 1027 366 1112 αὖθις
385 1033 442 1099 τὸν
461 1034 596 1117 πόλεμον
615 1034 803 1112 καταλύειν,
835 1038 891 1098 καί
908 1035 958 1118 μή
980 1031 1033 1098 διὰ
1058 1057 1114 1119 φι-

42 1132 179 1196 λονεικίαν
201 1122 341 1216 ἔχουσαν
358 1127 452 1200 uitta
471 1131 557 1218 ὁγιὲς
584 1139 734 1223 περιορᾷν
764 1132 922 1220 ὁσημέραι
941 1131 1016 1208 τοὸς
1038 1129 1113 1215 ὁμο-

42 1227 145 1314 φύλους
165 1235 532 1318 ε”ξανὸραποὸιζομένους
549 1235 605 1302 καί
623 1237 837 1316 κτεινομένους
856 1237 913 1299 καί
931 1231 972 1298 τοὶ
994 1229 1122 1317 ἔσχατα,

21 1330 243 1410 ιοὸπομένοντας.
272 1335 382 1398 ἐκεῖνον
406 1337 441 1398 (λέ
465 1336 534 1420 (καί
558 1333 616 1419 γὰρ
646 1329 761 1400 οὸὁένα
783 1326 894 1415 αὖθις,
932 1327 1036 1416 ὥσπερ
1059 1330 1115 1396 καὶ

40 1426 186 1513 πρότερον,
200 1430 387 1516 ποιήσονται
406 1435 462 1517 τῆς
486 1432 611 1520 εἰρήνης
632 1431 723 1516 λόγον
734 1437 758 1520 ,)
781 1431 834 1498 ἐπί
853 1431 889 1496 cd
911 1435 1035 1496 πείθειν
1055 1431 1144 1496 cri-c
1199 1436 1200 1446 ’

38 1525 76 1589 τὸν
93 1526 206 1594 edente
231 1531 404 1613 τρέψονται
435 1533 637 1614 deriventur
668 1533 808 1608 ἐκείνου,
842 1533 897 1596 κατ’
932 1535 1114 1613 πέμψαντες

38 1619 198 1713 ἀξιόχρεών
233 1653 323 1710 τινα,
355 1625 392 1694 iia
420 1628 580 1713 οἰήσονται
610 1634 706 1694 τοῦτο
736 1631 988 1714 κατεργάσεσθαι
1017 1629 1113 1714 δυνή-

36 1731 151 1809 σεσθαι,
181 1729 374 1813 παρέξονται
402 1727 457 1792 καί
481 1725 635 1813 χρήματα
664 1726 763 1792 πολλὰ
792 1732 847 1810 τῆς
879 1729 1113 1812 ἀναχωρήσεως

14 1825 135 1900 ιόμισθόν
153 1829 212 1891 καί
230 1829 318 1908 ναῦς,
334 1823 387 1903 αἷς
403 1823 558 1914 χρήσεται
579 1827 660 1912 πρὸς
678 1827 735 1910 τήν
756 1822 913 1909 διάβασιν.
946 1826 1001 1890 καί
1020 1832 1058 1914 τῇ
1079 1850 1113 1892 τε

33 1927 150 2012 στρατιᾷ
173 1925 213 1992 τὸ
240 1923 498 2008 σπουδαζόμενον
518 1924 609 1994 ἔσται
638 1925 782 2010 ἠνυκιὸς,
816 1924 871 1992 κατ’
888 1922 939 1990 coi.
956 1926 1110 2010 χρήματα

32 2023 121 2104 λοβιὸν
142 2019 319 2106 α’μείςίεται
332 2023 404 2102 τοὸς
423 2028 600 2109 προθύμως
620 2026 965 2109 συστρατευσαμένους.
987 2023 1023 2088 osi
1044 2021 1108 2108 γοὶρ

31 2123 138 2188 δίκαιον
158 2123 280 2206 ὁμοίιος
310 2127 409 2190 πᾶσιν
434 2126 620 2208 ὀργίζεσθαι
641 2128 699 2188 καί
714 2125 803 2200 δίκας
823 2126 990 2206 α’παιτεῖν,
1026 2121 1206 2206 detritum

30 2219 92 2295 τοὸς
110 2223 170 2302 μὲν
193 2221 320 2298 αἰτίους
343 2226 400 2306 τής
432 2224 611 2298 αιίθαὸειας
642 2225 758 2307 μέτρια
786 2213 950 2304 κολᾶζειν,
979 2221 1032 2288 ἵνα
1063 2219 1109 2306 μή

14 2317 220 2403 οπαρὸὁειγμα
242 2331 308 2396 τοῖς
327 2316 433 2396 ἄλλοις
452 2324 599 2413 γίνωνται
621 2321 870 2404 ἀναισχυντίας,
892 2320 968 2396 τούς
990 2322 1024 2384 δὲ
1045 2326 1111 2386 λοι-

29 2417 94 2493 ποὸς
115 2420 214 2497 α’ξίως
235 2419 429 2500 α’μείβεοθαι
456 2423 521 2484 τῶν
551 2420 673 2504 πόνων,
708 2420 759 2486 ἵνα
778 2423 817 2508 τῇ
836 2445 869 2486 τε
891 2419 1018 2484 κολάσει
1048 2423 1111 2486 ταῖν

28 2511 204 2598 ὁγνωμὸνων
234 2519 357 2604 έκφοβῇ
367 2570 377 2601 ,
411 2523 466 2584 καί
495 2521 535 2605 τῇ
560 2523 634 2602 περί
654 2516 711 2594 τὰς
731 2521 912 2606 εὐεργεσίας
944 2522 1109 2608 φιλοτιμίρ

27 2613 94 2698 πρὸς
113 2610 242 2684 εὔνοιαν
262 2618 442 2703 ἐφέλκηται.
484 2615 578 2700 ὁμὲν
600 2611 659 2684 οὸν
677 2621 821 2684 ἐπείθετο
843 2617 957 2696 αὐτίκα
978 2617 1034 2684 καί
1052 2622 1138 2702 τήςλ)

27 2720 229 2801 παραινέσεως
250 2715 486 2804 εὐχαριστήσας
512 2721 666 2801 βασιλέα,
693 2719 864 2805 πρεσβείαν
887 2715 1005 2800 ἔπεμπε
1026 2716 1108 2805 πρὸς

84 2845 105 2898 5.
126 2846 249 2904 πολλοῖς
267 2845 293 2898 P.

25 2961 208 3029 inflammatos,
230 2973 261 3016 ut
278 2963 401 3019 cohiberi
422 2981 478 3018 non
500 2975 627 3038 possent,
652 2967 766 3020 Amario
786 2965 819 3018 de
839 2971 894 3017 tam
913 2965 1021 3034 prolixa
1041 2981 1104 3034 erga

24 3049 46 3084 tt
60 3039 198 3090 voluntate
217 3039 316 3108 gratiss
334 3037 391 3107 egit
409 3039 591 3106 amplissimae
612 3039 763 3106 cessitque,
783 3035 964 3108 ut„quoniam
982 3035 1104 3098 militem

23 3119 87 3156 suurn
104 3109 215 3162 flectere
235 3108 424 3177 nequivisset,
440 3117 564 3162 oratores
583 3110 743 3175 Byzantium
762 3107 798 3160 ad
815 3107 1017 3176 imperatricem
1035 3109 1103 3160 mit-

23 3181 87 3238 teret,
103 3182 152 3248 qui
179 3178 317 3240 rimiliter,
332 3188 364 3232 ut
380 3179 507 3243 antebac,
521 3179 556 3232 dc
581 3195 649 3248 pace
669 3178 836 3233 dissererent
855 3178 968 3246 illisque
988 3177 1104 3230 demeu-

22 3247 75 3298 tism
98 3247 317 3318 exprobrarent,
339 3265 388 3318 per
406 3267 487 3320 quam
507 3251 626 3304 Romano
644 3249 814 3318 priucipatui
835 3249 949 3314 exitium
975 3263 1103 3318 maguum

23 3313 166 3372 invexerint
184 3337 215 3373 ac
233 3319 287 3372 nisi
307 3321 337 3372 in
354 3322 427 3372 viam
443 3319 572 3382 redeant,
591 3321 679 3372 maius
699 3317 833 3370 invecturi
861 3319 925 3372 sint
970 3317 1103 3370 Hortare·
1164 3375 1166 3380 ,

22 3391 57 3438 tur
80 3400 172 3444 autem
206 3406 313 3452 rursus,
345 3389 450 3450 bellum
477 3394 589 3442 missum
613 3389 752 3452 lacerent,
778 3407 833 3442 neu
860 3389 896 3442 ob
922 3389 1102 3458 insipientem

21 3453 88 3510 istam
117 3461 324 3516 contentionem
358 3459 485 3530 quotidie
517 3475 582 3512 suae
608 3461 696 3530 gentil
727 3460 857 3514 mortales
881 3460 910 3510 in
939 3460 1101 3512 servitutem

22 3525 114 3600 abripi,
140 3531 272 3584 trucidari
296 3539 326 3582 et
351 3529 388 3580 ad
417 3547 559 3584 aerumans
585 3530 672 3598 redigi
699 3531 830 3582 sinerent·
874 3531 941 3582 Illos
967 3546 1050 3592 vcro,
1071 3537 1104 3582 ut

20 3597 94 3663 alias,
112 3603 221 3654 nullum
249 3600 284 3653 de
301 3617 368 3669 pace
391 3601 504 3655 verbum
528 3601 688 3662 locuturos,
711 3601 761 3652 sed
778 3600 944 3668 perruadere
963 3602 1104 3664 enisurus,

21 3671 53 3720 uti
76 3675 278 3742 quamprimum
300 3689 317 3724 t
340 3672 532 3727 Cantacuzeno
559 3687 589 3722 se
616 3671 769 3741 disiungat,
798 3677 826 3722 et
855 3673 939 3724 misso
971 3674 1104 3742 quopiam

19 3734 74 3793 buic
92 3743 200 3796 muneri
218 3743 334 3806 idoneo,
355 3759 479 3810 magnam
497 3742 631 3810 pecuniae
649 3743 713 3804 vim,
733 3740 867 3794 discessus
888 3741 1053 3802 mercedem,
1070 3757 1103 3794 ac

19 3819 149 3876 praeterea
165 3814 279 3866 classem
297 3811 532 3882 suppeditaturos.
566 3813 612 3864 Sic
629 3819 658 3862 et
675 3811 751 3884 quod
770 3812 905 3864 exercitus
925 3827 1011 3880 usque
1030 3811 1101 3864 adeo

21 3884 207 3948 contenderet,
235 3884 386 3954 perfectum
406 3884 480 3946 lore,
499 3893 528 3937 et
543 3884 623 3936 illum
642 3891 752 3949 accepte
772 3883 890 3950 pecnnia
909 3879 1030 3946 libenter
1049 3880 1100 3934 sub

21 3965 43 4000 se
67 3955 216 4008 militantes
239 3955 408 4008 remunerari
434 3969 522 4022 posse.
564 3952 626 4006 Non
651 3953 726 4006 enirn
752 3966 881 4022 aequum,
902 3952 982 4004 irasci
1002 3954 1104 4021 pariter

22 4024 155 4089 omuibus,
179 4025 228 4078 sed
252 4023 399 4094 superbiae
423 4034 451 4078 et
476 4025 664 4076 contumactae
683 4026 838 4076 incentores
857 4021 965 4074 modice
984 4026 1103 4092 punien-

22 4087 79 4156 dos,
96 4112 131 4148 ne
152 4095 221 4148 alios
242 4093 442 4164 impudentiam
461 4096 587 4164 exemplo
605 4112 656 4147 suo
675 4093 808 4159 ὁοτειπις
832 4093 945 4162 reliquis
972 4095 1103 4146 conveni·

22 4169 90 4216 enter
114 4165 239 4220 laborum
261 4165 368 4220 meritis
388 4167 508 4234 praemio
530 4163 726 4234 persolvenda,
751 4172 782 4216 ut
800 4172 827 4218 et
846 4163 981 4232 supplicio
998 4165 1102 4234 impro-

21 4227 108 4291 borum
144 4243 262 4302 teneat,
295 4245 325 4292 ct
360 4236 562 4294 beneticentiae
599 4235 693 4296 etudio
720 4233 790 4289 ολλοι
816 4235 852 4288 cd
877 4250 906 4288 te
931 4233 1102 4307 diligendam
