2976 4954
319 281 377 371 62
721 305 1004 377 musteum!

169 471 363 547 aoraton
388 455 427 549 ά,
451 485 488 530 τε
506 460 607 530 πολλά
627 462 887 548 ἐπαγγειλάμενος
908 461 996 530 καλά
1007 464 1125 550 μηδὲν,
1148 464 1297 546 nepte&
1309 463 1398 550 έπηγ·

315 565 474 654 μελμένων
499 561 560 647 τὴν
588 559 786 648 ἐκπλήρωσιν
811 561 1041 630 σπουδάσουσι.
1091 561 1150 648 τ·η“ν
1167 565 1229 645 μὲν
1247 553 1304 628 σύν
1321 559 1396 649 rimp-

317 666 428 754 ρεσίαν
455 665 520 729 τοῖν
548 660 700 728 τοιούτων
727 665 897 762 ἐπιτρέπω
952 665 990 729 σὲ
1019 665 1055 726 δέ
1079 665 1137 728 καί
1158 659 1260 728 αύτύν
1280 659 1399 728 οἴεσθαι

315 765 491 850 προσῆκον,
512 759 557 848 μή
575 759 676 847 μικρά
694 785 765 827 τινα
785 764 841 828 καί
860 757 1124 850 εύκαταφράνηια
1144 763 1308 845 μετιέναι,
1327 761 1397 847 μηδ

315 857 368 930 οἶα
397 862 475 950 μήτε
509 863 712 944 διοικούμενα
733 867 855 946 καλῶς,
875 860 994 948 πολλὴν
1013 859 1173 949 ὠφέλειαν
1191 867 1344 948 παρέχειν
1359 862 1416 951 opib

311 967 425 1051 κοινῷ,
457 957 534 1048 μήτ’
560 960 673 1046 έπίσης
700 958 871 1047 βλάπτειν,
901 955 942 1028 άν
970 957 1128 1051 ῥᾳθύμως
1149 962 1205 1028 καί
1221 956 1399 1046 πανούργως

309 1061 525 1149 πράττονται.
574 1055 652 1144 άπερ
681 1056 742 1146 γάρ
777 1062 845 1127 ἐστι
876 1070 942 1138 τοῖς
969 1067 1142 1138 πολιτικοῖς
1174 1057 1357 1148 πράγμασιν
1382 1057 1400 1125 δ

310 1162 439 1249 κριτὴς,
467 1163 560 1227 τούτο
582 1167 649 1235 τοῖς
670 1161 834 1245 δημοσίοις
853 1161 976 1227 δύναιτ’
996 1155 1068 1226 dut
1087 1157 1249 1245 έξισωτης.
1288 1160 1399 1236 έκεῖνος

308 1285 345 1326 τε
367 1257 430 1346 γάρ
453 1257 605 1342 εύνομίαν
624 1269 693 1337 ταῖς
709 1257 820 1325 πόλισι
838 1259 1093 1347 παρασκευάζει,
1122 1259 1254 1335 δικαίως
1275 1260 1400 1325 διαιτῶν

308 1361 366 1426 καί
383 1367 450 1436 τοῖς
468 1357 574 1442 νύμοις
592 1361 764 1425 πείθεσθαι
784 1355 1038 1444 καταναγκάζων,
1056 1357 1115 1425 καί
1131 1347 1245 1441 odrae,
1273 1353 1315 1425 άν
1333 1358 1430 1426 ἑλέ-ιο

313 1465 352 1548 λη
373 1457 415 1523 τά
437 1459 547 1523 δίκαια
566 1467 669 1524 ποιεῖν
688 1458 746 1524 καί
763 1457 804 1526 τά
824 1461 1048 1526 λυσιτελοῦντα
1066 1461 1110 1547 τῷ
1129 1461 1242 1548 κοινηλ,
1265 1459 1330 1525 τῶν
1346 1459 1401 1540 μέν

215 1561 306 1637 Μηη
316 1555 544 1646 ἄφαιρὴσεται,
572 1552 613 1624 άν
627 1560 722 1624 πλέον
740 1563 923 1645 καρπῶνται
939 1561 998 1623 τοῦ
1011 1559 1158 1641 δικαίου,
1183 1565 1251 1634 τοῖς
1264 1558 1302 1622 δὲ
1315 1553 1402 1624 ἔλατ·

228 1713 233 1724 .
304 1681 359 1726 τον
385 1655 500 1741 έχουσι
527 1656 698 1742 προσθείς,
721 1659 909 1744 προθύμους
927 1653 1011 1744 πρύς
1033 1656 1091 1734 τάς
1109 1657 1282 1742 προνοίας
1302 1679 1402 1740 παρα-

304 1750 456 1824 σκεύοσιι
487 1753 607 1834 πάντας
633 1756 690 1822 καί
710 1755 925 1845 φυλάττοντας
943 1754 1002 1842 τὴν
1019 1754 1109 1835 τάξιν
1122 1758 1179 1822 καί
1195 1758 1401 1838 πειθομένους

303 1849 419 1942 άρωτα
445 1862 513 1931 τοίς
543 1867 737 1944 στρατηγοῖς.
787 1853 832 1933 ὥς
860 1849 918 1924 ούν
937 1853 1062 1942 μεγάλα
1083 1860 1333 1938 πεπιστευμένος
1350 1855 1431 1922 satrt

301 1955 343 2022 τά
364 1958 498 2041 μέγιστα
518 1956 766 2040 συμβαλλόμενα
785 1954 867 2043 πρύς
884 1956 942 2044 την
964 1959 1118 2042 διοίκησιν
1136 1957 1200 2022 τάν
1221 1951 1328 2039 ὅλων,
1349 1947 1400 2018 ού-

301 2081 346 2123 τω
372 2053 439 2142 χρῆ
471 2057 528 2121 καί
556 2061 730 2122 πεπεᾶνθαι
757 2059 813 2122 καί
838 2057 1064 2143 προσήκουσαν
1083 2053 1228 2141 σπουδὴν
1251 2057 1312 2120 καί
1328 2075 1400 2138 προ·

301 2159 426 2238 suptar
447 2155 689 2221 έπιδειλινυσδσι
707 2154 763 2220 ἐπὶ
787 2165 853 2231 τοῖς
879 2153 1011 2242 ippum?
1056 2157 1188 2222 sotadeo
1206 2157 1279 2238 μέν’
1292 2155 1398 2238 διῆλθε

273 2252 383 2342 Βπρδς
403 2247 516 2337 αδτύν,
544 2249 715 2340 άπολογιλιν
734 2253 921 2337 ποιούμενος
938 2257 990 2342 ἐφ’
1010 2249 1057 2331 οἷς
1070 2253 1171 2338 η’ξίου.
1212 2251 1329 2320 ἔπειτα
1340 2252 1396 2318 τάν

298 2351 477 2439 χρημάτων
495 2351 689 2418 ἐπυνθάνετο
711 2349 767 2419 τάν
789 2352 932 2437 α’ριθμύν
950 2349 1064 2430 ύπύσος
1084 2351 1143 2437 εἴη.
1182 2355 1242 2420 τοῦ
1264 2355 1303 2420 δέ
1325 2351 1431 2418 danao

299 2453 489 2537 κρινομένου
495 2503 507 2535 ,
535 2454 676 2539 χρυσίου
705 2455 766 2536 μὲν
793 2446 877 2520 εἶναι
906 2449 1070 2539 μυριάδας
1098 2453 1194 2537 δέκα,
1216 2447 1342 2518 ἔπιπλά
1369 2471 1399 2514 τε

299 2553 357 2617 καί
375 2547 484 2636 σκεύη,
505 2551 542 2616 ds
562 2550 692 2638 χρυσού
709 2555 906 2638 πεποιημένα
921 2554 977 2618 καί
996 2545 1160 2638 άρμύρου,
1181 2555 1336 2639 χρυσίων
1354 2571 1400 2616 τε·

300 2649 542 2738 τρακισμυρίοιν
564 2643 662 2735 άξια,
693 2652 751 2717 καί
776 2653 879 2718 τούτο
899 2652 1044 2738 φαμένου
1064 2650 1170 2717 πάντα
1189 2648 1226 2716 τὸ
1244 2653 1307 2720 νύν
1330 2647 1399 2734 ἔχοι

192 2760 227 2816 V.
239 2745 431 2834 λοδέτοίμως
450 2751 617 2818 ἐπιδοῦναι
636 2746 743 2837 ἔχειν,
764 2751 829 2816 τῶν
849 2752 977 2818 οἰκετῶν
995 2746 1300 2835 μιτακαλεσάμενάς
1318 2771 1397 2828 τινα,

293 2974 412 3045 implere
430 2973 582 3029 enituntur.
616 2975 694 3031 Hane
716 2977 803 3048 igitur
819 2975 991 3045 provinciam
1012 2971 1067 3030 tibi
1091 2973 1216 3047 iniungo.
1256 2973 1303 3032 Το
1331 2989 1399 3048 qno·

294 3063 351 3118 que
369 3063 418 3116 par
438 3053 481 3098 est
492 3046 670 3112 existimare,
697 3063 755 3102 non
779 3062 861 3118 parva
881 3045 1017 3118 quaedam
1035 3053 1065 3100 et
1083 3044 1270 3117 despicabilia
1293 3045 1345 3099 nbs
1372 3053 1398 3096 te

292 3115 408 3169 tractari
426 3123 455 3170 et
472 3133 543 3188 quae
560 3133 625 3181 nee,
652 3121 676 3172 si
695 3119 782 3189 probe
807 3128 951 3182 curentur,
981 3119 1120 3171 communi
1137 3117 1290 3170 admodum
1312 3113 1399 3188 profi-

293 3183 384 3240 eifint:
403 3203 455 3239 neo
472 3201 529 3239 non
547 3185 663 3256 perinde
680 3198 814 3252 noceant,
833 3189 856 3240 si
874 3189 994 3260 segniter
1011 3203 1043 3238 ae
1064 3189 1193 3271 nequiter
1211 3189 1293 3241 finnt
1315 3183 1399 3258 Quod

291 3272 413 3330 namque
429 3257 461 3309 in
479 3273 509 3308 re
532 3257 646 3327 politica
669 3259 769 3322 iudex,
797 3259 851 3311 boe
875 3260 906 3312 in
934 3258 1053 3328 publicis
1080 3256 1228 3327 stipendiis
1253 3267 1398 3328 praestare

290 3329 382 3400 possit
399 3335 577 3398 exaequatos.
614 3329 723 3384 Etenim
749 3338 778 3384 et
803 3329 851 3382 iile
876 3345 910 3382 ex
933 3329 1074 3398 aequitate
1100 3327 1225 3384 arbitriis
1258 3327 1400 3383 iaciendis

292 3405 323 3452 et
342 3398 377 3452 ad
395 3399 486 3470 legum
505 3397 694 3454 obedientiam
714 3398 848 3470 cogendo,
866 3398 969 3452 bonum
988 3399 1108 3452 civitatis
1129 3408 1231 3453 statum
1249 3400 1398 3462 conciiiat,

292 3477 323 3522 et
338 3469 401 3534 bie,
415 3471 441 3521 si
460 3469 548 3523 iustus
568 3487 627 3526 esse
646 3473 840 3541 communique
858 3469 1031 3524 commodare
1048 3471 1135 3536 velit,
1154 3470 1223 3524 aiios
1245 3471 1397 3541 spoliabit,

292 3539 318 3590 si
336 3539 408 3592 ultra
427 3541 532 3593 iustum
550 3538 654 3594 fructus
673 3544 846 3612 percipiant,
869 3542 931 3594 aliis
957 3542 1047 3594 minus
1066 3539 1236 3594 habentibus
1256 3542 1327 3612 plus
1346 3539 1399 3594 sd-

292 3609 355 3672 det,
373 3626 523 3682 omnesque
547 3611 582 3663 nd
605 3611 781 3666 militandum
799 3619 938 3681 promptos
956 3618 985 3664 et
1010 3609 1139 3665 ordinum
1162 3611 1349 3668 observantes
1370 3615 1399 3664 et

292 3677 410 3732 ducibus
429 3681 693 3754 obsequentissimoa
713 3682 819 3736 reddet.
864 3681 937 3752 Quis
955 3684 1040 3750 igitur
1057 3699 1215 3753 magnarum
1234 3681 1324 3736 etad
1363 3701 1399 3734 u-

291 3749 484 3804 berustionem
502 3771 624 3806 summae
647 3754 688 3807 rei
708 3751 838 3824 publicae
856 3754 1064 3807 utilissimarum
1088 3771 1179 3807 rerum
1200 3752 1258 3807 tibi
1285 3702 1398 3806 credita

291 3835 357 3872 eure
376 3829 431 3882 est,
451 3830 479 3874 te
498 3821 529 3875 id
545 3825 649 3878 sentire
667 3831 695 3876 et
713 3823 777 3876 ino
799 3840 845 3878 ere
862 3824 1028 3878 conueniens
1052 3825 1174 3878 studium
1199 3825 1398 3878 alacritatem-

290 3907 347 3966 que
365 3890 498 3946 adhibere
516 3902 633 3962 oportet
669 3895 761 3966 Atque
779 3841 852 3948 baec
874 3895 987 3968 quidem
1005 3891 1040 3944 ad
1063 3897 1123 3948 eius
1141 3894 1316 3966 petitionem
1336 3894 1399 3948 dis·

236 3995 240 4003 ·
289 3962 378 4014 seruit
400 3977 432 4014 ao
455 3965 611 4035 respondit:
636 3973 719 4034 post,
745 3973 878 4038 quantum
897 3974 968 4019 esset
986 3965 1136 4034 pecuniae,
1161 3966 1317 4038 quaesivit.
1355 3967 1398 4018 Eo

287 4031 491 4102 respondente,
522 4051 668 4089 aureorum
688 4045 799 4090 eentum
822 4037 925 4100 mittis,
952 4035 1153 4105 supellectilem
1179 4053 1244 4090 vero
1271 4045 1304 4088 et
1329 4049 1398 4090 vasa

288 4119 324 4156 ex
340 4119 407 4158 auro
431 4113 600 4177 argentoque
618 4106 801 4179 quadraginta
818 4107 943 4158 millibus
961 4108 1122 4170 aestimata,
1152 4123 1224 4177 quae
1242 4106 1346 4160 omnia
1366 4107 1398 4160 in

285 4185 418 4244 praesens
440 4175 542 4229 donare
560 4185 671 4245 paratus
689 4179 744 4244 sit,
764 4177 885 4250 quodam
902 4177 1067 4232 famulorum
1085 4177 1188 4242 sonito,
1214 4175 1265 4230 abi
1286 4177 1397 4249 igitur,

286 4244 399 4322 inquit,
416 4254 445 4302 et
462 4244 530 4300 huie
546 4245 583 4302 de
599 4246 712 4304 istbsee
750 4247 891 4322 Quicum
915 4247 975 4304 sine
992 4264 1070 4306 mora
1086 4243 1193 4318 abiret,
1215 4249 1298 4304 iussa
1325 4264 1398 4306 eon·
