2886 4948
335 315 618 385 msronrmum
648 323 702 384 m.
723 323 777 392 σε.
1018 293 1105 408 409

43 469 156 556 παρῄνει
175 470 230 532 κατ’
248 465 374 549 ἔπειθε,
407 465 487 533 κατὰ
508 470 633 554 γνώμην
663 461 737 535 ὄντα
756 471 813 535 κατ’
830 473 949 546 αὐτοῖς,
986 473 1042 536 καί
1059 470 1249 559 alpicum

41 567 161 654 σφετέρῳ
188 563 333 655 σατράπῃ
361 567 586 652 προσελθόντες
603 567 738 654 Ἀμούρ,
773 568 921 654 περὶτῆς
950 571 1197 644 inanimatam

41 667 213 748 διελέγοντο,
234 664 337 750 οἵσπερ
360 666 424 731 siud
444 667 695 754 Μαυρομμοὶτου
716 667 947 755 ἐδιδάχθησαν.
986 669 1103 755 Ἀμούρ

40 765 68 826 δὲ
83 767 185 844 πρῶτα
205 769 265 846 μὲν
286 769 488 852 ἐξεπέπληκτο
511 771 619 843 δειναῖς
641 768 718 844 τους
740 763 852 851 λόγους
884 771 941 832 καί
959 767 1107 849 ἐθαυμα-

27 864 81 936 ὄζω
93 857 162 927 ὅθεν
191 867 239 941 εἰς
259 870 389 930 τοιαῦτα
410 869 622 952 προαχθεῖεν·
646 866 754 933 ἔπειτα
778 869 934 953 ἐπεχείρει
962 871 1105 951 πείθειν,

40 959 74 1034 οἷς
101 964 168 1026 δέον
197 962 246 1027 ἔτι
277 970 456 1048 περιμένειν
484 950 728 1050 ἐπικουροῦντας
756 973 889 1049 βασιλεῖ.
932 969 1107 1049 α’ναγκαίαν

39 1056 85 1142 γάρ
109 1057 190 1126 εἶναι
211 1061 270 1147 τήν
292 1065 399 1129 αὐτῶν
428 1069 627 1151 παρουσίαν,
658 1071 781 1131 πολλῶν
810 1067 924 1130 αὐτίκα
953 1066 1106 1130 ἐπικεισο-

39 1161 124 1237 μένων
144 1167 323 1243 πολεμίων,
346 1157 386 1227 ἂν
408 1165 501 1230 edroi
521 1160 733 1250 οἷναχωρῶσι,
763 1169 902 1248 μάλιστα
924 1167 965 1228 ds'
987 1162 1106 1240 αιλτοιλς

40 1249 241 1340 ἀμυνομένων·
270 1256 346 1346 ήνυε
374 1265 409 1327 di
439 1267 542 1328 ουίλέν.
585 1263 710 1351 ἔφασαν
737 1257 797 1353 γὰρ
823 1261 1020 1351 ἀναφανδὸν,
1043 1259 1105 1341 ὥς,

20 1358 61 1418 nrt
81 1356 121 1442 μή
146 1357 294 1442 βούλοιτο
316 1361 376 1428 σύν
396 1357 503 1440 ου’τοῖς
524 1363 665 1440 κάκεῖνος
690 1361 797 1430 οἴκαδε
818 1365 1015 1447 α’ναχωρεῖν,
1038 1363 1108 1426 ἀλλ’

39 1454 115 1520 αὐτοὶ
132 1455 214 1542 πρὸς
235 1460 415 1540 Βυζάντιον
436 1462 600 1546 ἐλθόντες,
619 1465 753 1552 (πίστεις
773 1464 834 1550 γὰρ
857 1468 967 1546 λαβεῖν
987 1463 1108 1526 ἐκεῖθεν

37 1559 82 1615 rori
97 1551 140 1638 μή
162 1560 433 1645 ἐπιβουλευθῆναι
454 1558 623 1627 ὖπάιίττὸν
634 1567 662 1647 ,)
692 1561 926 1647 περαιώσανται
948 1559 1134 1646 τιρὸς“Βι-Β

36 1655 150 1718 θονίαν·
173 1650 246 1721 εἶτα
268 1657 320 1721 diei
338 1659 480 1744 Φρυγίας
501 1661 557 1723 καί
575 1663 707 1737 Λυδίοις
727 1663 892 1746 ἀφίξονται
916 1663 960 1738 εἰς
979 1665 1108 1731 Ἰωνίαν.

35 1753 168 1833 ἐρομένου
185 1757 225 1819 δὲ
237 1756 347 1838 edred,
368 1759 430 1824 τίνι
448 1758 606 1842 χρώμενοι
627 1761 797 1846 διαλλακτῇ
815 1757 872 1832 τὰς
893 1757 970 1843 πρὸς
982 1762 1109 1838 Βυζαν-

12 1854 107 1927 tiniae
126 1853 314 1938 ποιήσαιντο
336 1853 515 1940 συνθήκας,
546 1852 601 1920 οὖν
628 1853 754 1943 ἔφασαν
773 1855 947 1941 κατάιλιρλον
967 1853 1109 1940 ποιήσειν

35 1949 224 2030 ὀμωμοκότες
248 1950 469 2035 ἀποκρύπτειν.
510 1957 565 2018 ἕπτ’
584 1957 800 2020 πεντεκαίδεκα
820 1957 881 2036 μὲν
901 1948 959 2020 οὖν
977 1955 1210 2040 ήμέραιςλλ.464

34 2046 176 2133 ὁἈμοιλρ
200 2061 271 2126 τοῖς
290 2056 436 2135 Πέρσαις
459 2056 613 2118 διετέλεσε
641 2051 861 2136 διαλεγόμενος
900 2055 956 2118 καί
988 2055 1110 2119 πείθειν

33 2147 187 2231 ἐπιχειρῶν
213 2147 257 2234 μή
285 2151 434 2237 οἶπαίρεεν
455 2153 641 2227 εἰςἈοιλιν.
683 2152 755 2216 ἐπεὶ
778 2154 813 2217 dl
844 2150 986 2237 ἀνήνυτα
1007 2153 1110 2216 ποναῖν

33 2239 122 2328 luipo,
143 2242 320 2332 ἀπήγγελλε
347 2251 449 2314 πάντα
470 2254 600 2331 βασιλεῖ
621 2247 703 2332 μετὰ
737 2252 866 2335 πολλῆς
880 2253 936 2336 τῆς
968 2245 1110 2330 ἀθυμίας

12 2345 78 2420 ,poi
107 2343 306 2430 ἐμαρτύρετο
335 2345 430 2428 θεὸν,
466 2349 509 2424 ὥς
537 2346 634 2424 ου’τός
656 2352 716 2430 μὲν
741 2349 869 2438 τοιαύτῃ
896 2347 1003 2436 γνώμῃ
1029 2347 1108 2432 πρὸς

32 2441 120 2508 ον’τὸν
139 2445 310 2531 nimiumve,
345 2447 389 2522 nic
412 2441 500 2535 αυτῷ
531 2450 770 2534 συνδιατρίψων
793 2444 888 2534 ἄχρις
917 2445 957 2514 ἄν
985 2473 1015 2514 τι
1045 2451 1102 2514 τοῦ

31 2547 92 2606 νυνί
109 2547 250 2626 πολέμου
271 2544 371 2631 πίρας
390 2549 530 2628 γένοιτο,
560 2550 616 2612 καί
637 2547 680 2622 ὥς
702 2547 840 2623 ἐκείνους
861 2549 1013 2625 ἐκλέξαντα
1034 2571 1111 2612 συνυ

31 2649 100 2706 εῖναι
120 2637 167 2719 οἷς
196 2642 339 2726 μάλιστα
361 2643 514 2732 ἐθάρρει,
545 2641 595 2711 ὅτι
630 2652 731 2712 πάντα
753 2648 897 2714 κίνδυνον
917 2647 1138 2733 ὑποστήσω-0

92 2821 132 2880 13.
151 2823 267 2890 Καρίας
285 2821 311 2872 P.
331 2829 360 2874 et
378 2821 413 2873 Μ.
432 2839 502 2894 περ,
519 2830 610 2876 textus
637 2821 755 2882 Λυδίας.

30 2951 93 2990 mire
110 2925 308 2997 transmittant,
325 2939 368 2992 Ad
385 2941 452 2993 lmec
462 2942 574 3016 gratiam
589 2942 644 2994 illis
659 2941 785 2996 habitum
807 2951 835 2995 et
848 2944 991 3010 pecuniam
1005 2949 1110 3012 quanto

31 3023 89 3075 opus
113 3013 150 3062 sit
177 3011 384 3092 suppeditatum
403 3015 454 3069 iri.
502 3013 536 3062 lli
567 3021 646 3063 eraut
669 3013 792 3065 hortatus
812 3013 1036 3074 lllaurommntis,
1057 3015 1107 3084 qul

30 3094 73 3128 nec
97 3083 183 3136 Persis
212 3079 404 3151 displicebant.
451 3081 492 3134 rld
520 3091 654 3154 satrapam
682 3083 765 3153 igitur
789 3099 866 3132 suum
886 3083 1007 3142 adeunt,
1026 3099 1109 3152 super

31 3149 109 3203 reditu
130 3169 191 3215 suo,
211 3149 440 3223 quemadmodum
460 3169 474 3202 n
495 3151 691 3203 Manronrmate
711 3151 801 3203 edocti
819 3153 946 3215 inerant,
965 3152 1046 3202 verba
1065 3153 1109 3204 ia-

31 3221 107 3280 ciunt,
148 3223 279 3274 Ammius
303 3222 440 3292 principio
466 3239 498 3273 eo
528 3239 651 3275 sermone
678 3221 854 3274 veliementer
870 3221 1063 3292 obstupescere
1082 3230 1110 3274 et

30 3291 132 3356 mirari,
164 3295 213 3365 qui
242 3293 294 3344 ista
313 3309 359 3346 eos
380 3293 510 3360 cogitatio
530 3293 669 3350 subiisset.
705 3293 813 3344 Deinde
832 3294 916 3356 eniti,
939 3302 970 3344 ut
992 3293 1055 3344 illos
1074 3291 1110 3344 ad

30 3357 213 3431 imperatorem
234 3377 316 3430 porro
339 3363 521 3416 adiu'vnmlum
544 3365 689 3414 retineret:
708 3365 887 3414 necessariam
915 3364 987 3414 enim
1014 3374 1110 3414 eorum

31 3445 81 3483 esse
105 3435 306 3504 praesentiam,
328 3435 376 3506 qui
403 3435 425 3484 si
450 3435 628 3496 recesserint,
652 3451 701 3503 per
719 3449 786 3504 quos
807 3435 955 3504 praecipue
973 3432 1109 3485 deiende-

30 3510 113 3568 retur,
142 3504 235 3558 hostes
258 3521 321 3557 mox
346 3505 487 3558 confertim
516 3507 649 3574 impetum
672 3505 700 3556 in
723 3521 783 3556 enm
803 3505 930 3556 facturos.
983 3503 1036 3554 Sed
1055 3503 1108 3556 hoo

31 3581 83 3622 erat
103 3573 219 3628 nebulas
245 3574 433 3642 diverberare3
460 3575 549 3644 palam
575 3591 693 3644 namque
725 3575 941 3642 profitebantur,
971 3576 1024 3625 nisi
1050 3591 1111 3626 cum

31 3641 90 3706 ipsis
107 3647 223 3712 patriam
244 3655 397 3713 repeteret,
416 3663 444 3696 ιο
468 3647 623 3712 Byzantium
643 3647 789 3714 prosector,
810 3645 895 3708 (unde
915 3646 966 3693 iam
990 3646 1108 3714 accepis-

31 3721 86 3764 sent
102 3717 183 3767 iidem
204 3717 414 3786 publicamque
433 3721 519 3769 securi
537 3715 724 3782 essent,)iusle
743 3714 772 3766 in
793 3715 944 3782 Bithyniam
964 3717 1112 3777 soluturos,

31 3792 87 3848 port
104 3803 154 3854 per
163 3785 304 3854 Phrygiam
325 3795 352 3838 et
370 3785 482 3855 Lydiam
505 3787 534 3837 in
554 3787 656 3838 lonium
676 3795 811 3837 venturos.
849 3785 1021 3852 Interrogati,
1041 3803 1112 3856 quo·

32 3867 87 3903 nam
115 3858 158 3908 usi
184 3857 286 3912 arbitro
310 3875 357 3908 seu
376 3859 549 3926 pacilieatore
569 3875 629 3908 cum
652 3855 788 3922 Byzantiis
807 3853 903 3904 foedus
931 3855 1110 3924 pepigissent,

33 3923 86 3974 eius
104 3943 205 3979 nornen
223 3943 252 3979 se
271 3927 392 3981 edituros
418 3935 595 3994 negaverunt,
614 3926 723 3998 qsrando
744 3925 768 3976 ei
791 3925 931 3976 silentium
953 3927 1113 3994 iurauerint,

33 3991 69 4042 Ad
97 3999 250 4066 quindenos
276 4001 387 4051 omnino
408 3998 466 4049 dies
485 3999 612 4050 drausius
629 4014 688 4048 cusu
709 3996 795 4047 Persis
816 3994 989 4048 continenter
1007 3996 1129 4066 agendo*

34 4061 252 4140 liberandoque,
269 4083 304 4120 ne
323 4069 352 4120 in
375 4070 465 4121 Asiam
485 4071 652 4138 cogitarent,
669 4065 845 4132 consumpsit.
881 4065 932 4117 Ubi
952 4084 981 4118 se
999 4067 1114 4120 mortuis

36 4139 218 4191 concionatum
237 4138 322 4201 vidit,
340 4157 389 4204 per
410 4156 472 4191 siem
491 4139 576 4191 tristis
594 4135 751 4204 imperatori
771 4137 861 4188 omnia
880 4138 1115 4204 exportatarum

37 4209 160 4272 testatur,
184 4224 213 4263 se
239 4208 349 4280 quidem
375 4160 410 4264 ad
438 4211 527 4278 ipsum
555 4225 587 4262 eo
615 4223 696 4275 scopo
729 4207 851 4270 venisse,
873 4213 905 4258 ut
928 4216 991 4260 ante
1010 4210 1115 4259 exitum

37 4269 98 4328 belli
115 4277 197 4334 huius
222 4277 257 4330 ab
277 4294 310 4334 eo
335 4295 392 4336 non
413 4278 582 4343 discederet,
603 4287 632 4332 ct
650 4293 696 4331 eos
713 4275 862 4347 delegisse,
880 4293 949 4348 qnos
970 4280 999 4331 tn
1018 4277 1114 4346 prtmls
