2976 4954
283 323 313 427 l
709 347 917 416 rentocne

283 505 397 558 mestico
408 503 563 578 honorifice
577 505 675 559 babiti.
711 503 877 576 Apocaucbo
888 459 1085 557 Senndclserim
1096 501 1270 572 subrogatur.
1307 503 1378 556 con·

283 576 403 646 spiratio
422 587 450 627 et
474 575 580 646 legatio
607 575 812 646 praefectorum
841 571 994 627 occidentis
1017 574 1083 642 (ιι).
1121 575 1216 626 Croles
1245 571 1378 626 Macedo·

284 645 351 697 stiae
370 645 497 711 infestus.
532 647 652 716 Magnus
671 644 837 698 domesticus
855 645 1108 713 Peloponnesiacae
1134 642 1308 712 expeditioni
1328 659 1380 694 on·
1481 691 1482 694 ,

284 713 477 768 tavertendum
486 751 495 778 ,
520 713 638 786 ideoque
656 715 821 782 Byzantium
839 711 1035 766 revertendum
1053 725 1153 770 censet.
1191 712 1342 782 Excipitur
1360 731 1379 765 a

284 785 469 851 Byzantinis:
490 785 692 855 imperatricem
709 786 787 838 luctu
806 795 832 836 et
850 783 943 836 morbo
959 781 1094 852 afflictam
1107 782 1293 836 consolatur:
1310 777 1381 854 quid

284 856 391 925 egerit,
411 852 483 926 quid
498 867 614 908 acturus
631 857 667 906 sit
685 855 801 924 exponit
819 853 884 922 (ts).
920 851 965 905 Ad
979 851 1117 921 palatium
1134 853 1243 906 nobiles
1261 864 1288 905 et
1304 851 1380 903 mili·

285 935 326 977 tss
346 927 464 978 clamose
482 943 541 980 cum
560 925 726 996 patriarcba
746 921 780 976 de
797 921 902 976 bonore
927 921 1071 975 domestici
1096 925 1257 992 iurgantur.
1294 921 1382 991 lmpe·
1482 947 1483 964 ι

285 997 380 1048 ratri:
386 994 576 1064 iurgantibus,
587 995 695 1064 triplici
702 1011 797 1048 eorum
805 991 1127 1066 peccatodemonstrato,
1139 995 1250 1045 veniam
1259 989 1309 1043 dat
1318 989 1382 1060 (13).

287 1065 330 1118 De
347 1082 439 1136 poena
450 1063 610 1135 Apocauclsi
629 1083 690 1118 cum
709 1063 857 1117 domestico
877 1061 1033 1116 deliberat:
1049 1063 1111 1113 eius
1128 1062 1241 1115 natales
1260 1073 1286 1114 et
1295 1073 1383 1112 status

285 1135 431 1256 tttitt·
454 1131 1385 1258 elttttlt‘dttitttt¹‘‘itteitttmeb'tttffitttltt:

289 1275 402 1336 stipnem
420 1291 564 1344 purpurae
582 1286 610 1326 et
628 1275 740 1346 imperii
758 1285 871 1327 recusat
893 1271 940 1339 (sb
997 1273 1076 1324 Metu
1096 1272 1165 1324 moli
1186 1271 1387 1326 obtrectatores

287 1341 432 1398 domestici
449 1345 480 1395 in
498 1347 557 1397 eius
574 1361 602 1397 se
619 1347 741 1416 gratiam
761 1347 908 1397 restituere
927 1339 1090 1426 ‘sciderant
1110 1356 1137 1396 et
1154 1344 1291 1412 imprimis
1310 1341 1386 1410 Apo-

288 1411 433 1537 illle
447 1411 1387 1566 {tttti‘sstttt:ttfi‘i‘itttlt'tttlt‘tzsst.bttlt‘t

288 1553 322 1605 s’n
339 1548 513 1606 domesticum
529 1567 675 1624 praesente
697 1553 876 1623 imperatrice
897 1554 1023 1605 inuectus
1040 1554 1076 1603 sit
1092 1552 1160 1621 (ι5).
1198 1553 1271 1604 Eum
1292 1562 1319 1602 et
1338 1550 1388 1600 im·
1484 1587 1485 1604 2

286 1625 453 1693 peratricees
470 1626 582 1692 placat,
600 1625 731 1693 Epibatis
749 1620 848 1694 egredi
865 1639 922 1674 non
935 1620 1026 1673 audet.
1064 1622 1219 1674 Domestici
1229 1618 1269 1671 ad
1281 1621 1389 1688 bysan-

288 1693 343 1746 tios
361 1689 395 1744 de
410 1709 479 1762 pace
500 1691 666 1748 cohortatio.
701 1693 803 1747 Filiam
830 1693 997 1762 imperatori
1021 1687 1192 1760 despondere
1215 1687 1319 1760 differt.
1354 1688 1389 1740 ln

289 1766 392 1816 itincre
411 1778 439 1812 se
459 1762 639 1830 Apocaucbus
657 1763 684 1816 ei
699 1764 854 1834 permittit.-
880 1779 940 1814 cum
958 1774 1047 1826 matre
1065 1759 1212 1814 domestici
1225 1761 1390 1821 collocutus,

289 1845 321 1886 ut
337 1848 367 1884 se
385 1833 473 1901 magis
491 1849 534 1894 re,
552 1850 635 1905 quam
649 1833 755 1894 uerbis,
774 1831 938 1886 benevolum
975 1843 1098 1893 raestet,
1127 1829 1299 1883 admonetur
1323 1829 1389 1895 (ιδ)

289 1901 417 1954 Animum
434 1901 616 1972 patrias-cisae
631 1901 724 1964 subit,
746 1899 923 1954 domesticum
955 1899 1014 1952 also
1030 1912 1162 1961 accusat,
1183 1899 1390 1969 imperatricem

291 1969 427 2025 aduersus
445 1969 621 2024 domesticum
641 1969 814 2025 irritandam
832 1969 933 2024 suadet
949 1972 1123 2023 strationem
1135 1973 1281 2041 proponit.
1320 1969 1392 2022 Asa·

289 2058 338 2096 nes
359 2058 412 2111 pro
433 2041 510 2113 filiis
533 2043 695 2095 sexennium
720 2057 834 2094 carcere
858 2039 978 2094 detensis
1001 2051 1084 2109 rogat
1103 2039 1170 2110 (η).
1218 2041 1393 2091 Domesticos

290 2128 402 2182 operam
417 2111 575 2180 pollicetur.
612 2111 742 2164 Socerum
761 2123 861 2166 convo
878 2125 1009 2180 generum
1028 2109 1213 2179 Apocaucbus
1234 2111 1393 2179 inflammat

288 2181 355 2248 (19).
395 2182 544 2233 Coniurati
571 2180 717 2250 sigillatim
740 2177 818 2249 opud
840 2180 1042 2247 imperatricem
1060 2177 1207 2232 domestici
1225 2197 1329 2231 nomen
1347 2177 1395 2230 de·

283 2251 394 2322 serunt.
430 2251 542 2320 Singuli
559 2249 740 2301 reiiciuntur.
775 2249 914 2302 Postremo
936 2265 969 2299 eo
988 2247 1130 2318 adigitur.
1162 2263 1193 2301 ut
1211 2248 1324 2302 iudicio
1344 2265 1394 2299 otb

290 2317 448 2374 cessandum
463 2331 559 2388 putet,
583 2333 664 2386 quem
681 2315 849 2385 patriarcba
868 2315 977 2370 indicta
995 2335 1081 2371 causa
1102 2316 1298 2372 damnandum
1316 2316 1395 2371 arbi-

292 2389 423 2443 trabatur
439 2388 509 2455 (9ο).
544 2383 622 2439 Idem
642 2387 846 2458 imperatricem
863 2387 986 2457 periculi
1001 2390 1145 2458 vanitate
1163 2385 1291 2442 deterret
1309 2387 1397 2442 velte-

291 2469 450 2525 menterque
477 2459 659 2527 suspicionem
679 2469 769 2524 auget.
806 2459 914 2510 Asanes
932 2461 1141 2510 accusationem
1160 2457 1314 2512 concludit
1329 2457 1397 2528 (91).

291 2528 377 2583 Dolet
406 2539 433 2578 et
457 2529 574 2597 angitur
601 2529 767 2597 imperatrix
792 2541 876 2594 atque
903 2529 935 2578 in
960 2530 1126 2580 sententiam
1152 2531 1399 2581 calumniatorum

289 2593 486 2670 propendens,
515 2598 552 2648 iis
577 2615 605 2650 se
630 2615 690 2649 cum
708 2597 804 2650 liberis
817 2598 896 2666 siens
913 2595 1093 2651 commendat.
1128 2601 1230 2654 Mater
1251 2595 1401 2652 domestici

294 2685 355 2721 cum
366 2666 435 2736 filio
453 2667 567 2718 minimo
590 2680 661 2726 natu
680 2677 706 2720 et
725 2685 810 2720 uxore
829 2668 946 2720 alterius
961 2667 1022 2738 filii
1036 2665 1112 2718 domi
1126 2671 1212 2722 uelut
1232 2671 1266 2722 its
1285 2683 1399 2721 carcere

294 2735 445 2791 clauditur.
481 2735 663 2805 Apocauclsus
681 2735 759 2789 urbis
775 2735 935 2808 praefectus
955 2751 1077 2799 creatus,
1093 2737 1201 2805 frustra
1225 2740 1345 2792 militem
1363 2733 1402 2790 ad

298 2802 476 2876 diripiendas
484 2819 517 2857 et
526 2804 693 2859 evertendas
705 2803 849 2860 domestici
870 2805 951 2859 aedes
964 2811 1067 2874 mittit5
1084 2809 1164 2862 cuius
1173 2812 1278 2871 amici,
1290 2811 1343 2880 qui
1350 2826 1401 2877 pe·

299 2877 386 2930 rituli
401 2873 518 2927 uitandi
534 2894 569 2929 ex
587 2876 654 2928 urbe
664 2876 821 2946 fugerant,
841 2877 1015 2946 imperatrici
1029 2896 1058 2931 se
1078 2891 1232 2941 excusant,
1260 2875 1402 2931 redeundi

292 2947 408 3002 veniam
418 2958 511 2996 orant.
549 2946 672 2998 Gabalos
684 2948 908 3016 praevaricatur
921 2949 986 3016 (99).
1025 2949 1081 3013 (lui
1088 2951 1229 3014 Byzantio
1241 2951 1401 3018 fugerant,

296 3013 488 3082 Didymoticlsi
504 3031 578 3081 quae
594 3027 660 3069 acta
679 3018 736 3068 sint
755 3029 885 3069 nartunt.
924 3018 1035 3088 legatis
1051 3020 1141 3070 missis
1159 3017 1305 3072 iudicium
1324 3017 1360 3070 de
1374 3033 1403 3068 se

299 3085 464 3140 domesticus
482 3087 623 3206 postulat:
643 3104 661 3136 a
675 3089 812 3140 ministris
823 3087 985 3158 Apocauclti
1001 3087 1073 3140 male
1091 3091 1280 3158 accipiuntur
1327 3085 1403 3140 idem

297 3154 463 3211 domesticus
501 3156 568 3209 ostis
586 3152 753 3209 declaratur
770 3157 837 3226 (93).
873 3159 1049 3211 Perlitteras
1062 3160 1255 3228 imperatricis
1267 3160 1405 3211 vicaria·

299 3239 331 3280 tu
347 3225 459 3277 iubetur
479 3226 566 3278 abire.
603 3225 680 3291 Quid
698 3227 834 3295 agendum
852 3228 900 3291 sit,
921 3227 1057 3282 militibus
1065 3229 1165 3281 bellum
1174 3229 1404 3298 flagitantibus,

299 3297 455 3368 quaeritur.
502 3297 600 3350 Oratio
628 3297 807 3366 longiuscula
828 3297 988 3360 domestici,
1015 3315 1072 3366 qua
1098 3301 1204 3352 crimen
1236 3293 1408 3370 occupandi

300 3365 384 3437 regni
398 3363 510 3431 refellit.
547 3363 591 3417 Ad
599 3365 802 3434 imperatricem
817 3369 976 3438 profectus,
994 3369 1054 3421 eius
1069 3385 1097 3420 se
1112 3368 1273 3420 arbitratui
1282 3367 1406 3438 permit·

301 3447 359 3490 tere
382 3437 487 3520 cogitat
513 3434 579 3505 (ab).
618 3437 760 3522 proceres·
777 3439 880 3492 rectius
905 3438 985 3522 rebus
1005 3438 1194 3491 consulturum
1214 3451 1354 3500 censent,
1380 3437 1408 3487 si

300 3503 583 3645 tlttttttbttf.
596 3507 1410 3649 it.Tttif‘tttjttltt.§.illiti:limittit

303 3647 406 3698 torium
417 3663 476 3697 cum
484 3645 862 3717 faustisacclamationibus.
901 3645 1043 3715 Quaedam
1056 3647 1217 3714 futurorum
1233 3649 1410 3718 praesagia.

303 3715 439 3785 Episcopi
463 3712 713 3785 Didymoticlsensis
738 3719 828 3769 uisum
853 3731 879 3772 et
902 3720 963 3771 eius
979 3720 1041 3772 uiri
1056 3720 1120 3770 laus
1137 3718 1202 3788 (97).
1241 3721 1412 3788 imperator

303 3801 401 3839 rursus
426 3786 460 3839 ab
488 3803 516 3837 se
537 3787 719 3856 suspicionem
737 3787 898 3854 tyrannidis
922 3801 1046 3842 removet
1058 3808 1068 3854 ;
1086 3788 1221 3839 militibus
1242 3803 1354 3840 uxores
1375 3803 1411 3840 ac

303 3855 407 3908 liberos
429 3853 593 3909 habentibus
611 3857 767 3910 missionem
791 3855 858 3924 dat‚·
878 3871 1000 3912 retentos
1027 3861 1058 3910 in
1081 3875 1179 3928 agrum
1206 3858 1412 3922 Byzantinum

303 3926 406 3986 mittit,
426 3923 519 3978 eodem
537 3925 619 3978 breui
631 3939 767 3980 venturus
776 3929 923 3998 urbemque
934 3930 1095 3981 invasurus.
1129 3928 1275 3980 Narratio
1289 3929 1415 3998 longior

304 3991 339 4050 dt
352 3995 443 4059 malis,
458 4013 530 4066 quae
548 3995 736 4066 Adrianopoli
756 4017 790 4050 es
808 3997 946 4051 seditione
964 3999 998 4052 ob
1017 4015 1119 4050 novum
1136 3997 1347 4058 Imperatorem
1360 4015 1415 4051 ex·

303 4066 438 4117 stiterint.
474 4067 541 4118 Item
554 4067 726 4122 calamitates
739 4087 791 4140 per
811 4069 959 4120 Romanum
977 4069 1119 4138 imperium
1136 4077 1256 4138 propter
1285 4065 1415 4122 eundem

303 4135 370 4202 (98).
408 4133 663 4207 Adrionopolitani
675 4136 841 4200 Alexandri,
861 4141 1018 4192 Moesorum
1035 4140 1120 4208 regis,
1144 4153 1220 4206 opem
1240 4138 1414 4190 invocant.-

305 4204 385 4256 cuius
402 4201 540 4258 aduentus
561 4207 758 4262 Cantacuseno
775 4207 889 4261 multum
910 4209 993 4261 obest.
1028 4209 1120 4262 blaesi
1139 4203 1304 4272 praedones
1321 4227 1341 4260 a
1356 4209 1418 4260 llo·

304 4277 395 4330 nanis
409 4276 512 4347 partim
529 4273 704 4346 caeduntur,
720 4281 825 4350 partim
847 4279 1000 4349 capiuntur
1022 4277 1088 4350 (99).
1125 4279 1192 4348 Opes
1205 4275 1421 4340 Cantacuccni
