2886 4948
310 317 396 410 308
713 323 999 397 emisenum

160 513 302 586 nenses
312 501 412 567 οἴοιτο
420 491 477 562 καί
489 489 565 566 τούς
588 481 704 563 ἄλλους
721 483 760 550 τά
773 483 830 550 ἴσα
851 477 998 562 πάσχειν.
1018 476 1075 540 καί
1085 470 1128 538 nsi
1149 473 1255 537 τοίνυν
1275 467 1312 554 τῇ
1330 468 1390 552 κενή

309 601 384 689 δόξῃ
406 599 463 663 καί
482 589 641 682 φιλαρχίᾳ
660 584 821 669 κατάκρας
842 578 942 655 άλούς
963 579 1019 642 καί
1037 573 1214 660 προδοσίαν
1233 567 1289 654 τήν
1305 561 1389 647 ingol-
1434 645 1435 652 ρ

307 723 365 786 την
379 693 596 784 εἰργασμένος,
618 689 712 753 ούδδν
729 677 940 766 θαυμαστόν,
951 678 982 742 εἰ
999 672 1039 741 τά
1058 672 1114 740 ἴσα
1134 675 1191 737 καί
1210 671 1291 750 spot
1309 689 1390 730 κατα-
1434 671 1435 756 γ

309 798 457 885 ψηφιζγγ,
475 793 576 879 μηδὲν
595 789 739 854 τοιούτου
775 781 995 868 εἰργασμένου.
1036 769 1134 840 οἶσθα
1161 769 1242 856 γάρ,
1261 766 1306 842 τός
1324 767 1392 847 ἐμοί

277 907 376 974 (δτοδς
397 897 432 962 όν
444 889 537 981 ’Ἀδφ
556 889 668 976 άρετής
689 881 960 976 α’ντιποιουμίνοιςΙ
979 873 1037 940 καί
1055 876 1115 939 τού
1138 871 1239 936 καλοό
1257 870 1312 932 καί
1328 867 1408 950 δρα-5
1434 891 1435 908 2

305 1004 399 1072 σταῖς
427 991 483 1059 καί
505 991 654 1076 ἐργάταις
684 981 882 1070 γεγραφότος
913 979 970 1042 καί
997 970 1098 1038 πολλά
1122 973 1305 1055 δεηθέντος,
1327 961 1394 1050 πρός

305 1091 486 1178 Βυζάντιον
507 1093 614 1157 ἐλθεῖν
633 1088 690 1150 καί
706 1082 851 1167 βασιλίδι
869 1075 928 1142 καί
946 1070 1133 1159 πατριάρχης
1152 1067 1211 1134 καί
1243 1061 1291 1140 οἷς
1311 1061 1394 1137 αύιός
1434 1135 1435 1161 η

306 1191 470 1278 ὀνομάζεις
498 1185 672 1272 σύγκλητον
698 1178 818 1266 βουλήν
858 1176 1071 1260 διαλεχθῆναι
1103 1171 1179 1256 περί
1208 1161 1331 1250 εἰρήνης
1352 1165 1394 1226 καί

305 1303 417 1361 πεῖσαι
437 1287 671 1356 κατατίθεσθαι
690 1279 746 1348 τόν
765 1275 921 1359 πόλεμον,
945 1270 982 1340 δν
1004 1271 1122 1347 α’δάτιος
1140 1265 1323 1350 κεκινήκασι
1340 1265 1394 1325 καί
1434 1271 1435 1350 l

305 1395 388 1478 iperi
407 1392 508 1476 μηδὲν
528 1379 711 1474 ἠδικηκότος
722 1431 733 1465 ,
765 1375 983 1464 componete
1000 1368 1202 1454 πλασάμενοι
1222 1367 1278 1430 καί
1298 1365 1417 1444 διαβοιο

307 1489 388 1576 λάς,
410 1486 492 1573 μετά
514 1487 578 1553 τάν
599 1477 706 1551 ἄλλων
726 1475 946 1566 παρειλήφασι
966 1469 1022 1538 καί
1042 1472 1079 1537 σὲ
1090 1523 1101 1554 ,
1123 1468 1169 1545 τός
1186 1466 1303 1552 άρετῆς
1322 1457 1386 1527 άνιι·

306 1589 498 1673 ποιούμενον
519 1588 619 1670 δῆθεν
632 1579 688 1646 καί
707 1580 788 1662 ὑπὲρ
807 1578 866 1642 τού
883 1574 985 1638 καλοῦ
1005 1572 1061 1636 καί
1086 1571 1148 1634 τοό
1176 1568 1265 1652 κοινῇ
1285 1569 1387 1628 tosus

306 1693 435 1764 λούντος
457 1679 690 1768 βουλησόμενον
713 1669 975 1746 διακινδυνεύειν.
1004 1667 1074 1736 ἀλλ’
1095 1670 1207 1733 ἐκεῖνοι
1226 1667 1289 1746 μὲν
1309 1661 1390 1731 καλός

306 1792 487 1866 ποιούντες,
517 1779 559 1847 τά
589 1803 625 1846 τε
654 1780 765 1844 δέοντα
789 1773 939 1860 εἰρήκασι
965 1767 1046 1854 μετά
1067 1761 1249 1852 παρ’ῥησίας
1269 1764 1326 1825 καί
1346 1759 1392 1822 τόν

307 1890 355 1964 τίς
386 1880 505 1960 αύτούς
535 1878 675 1968 ήκόντοον
710 1877 855 1941 ἐνέλιπον
884 1871 978 1936 ούδὲν
990 1921 1001 1951 ,
1029 1871 1086 1934 καί
1111 1871 1175 1932 τῶν
1211 1851 1416 1950 διαφδτίριιτό

308 1987 514 2074 βουλομένων
545 1979 603 2046 καί
633 1977 843 2060 διαστρέφειν
871 1968 934 2036 άπό
957 1974 1014 2054 τῆς
1034 1966 1206 2052 άληδιίας,
1239 1966 1314 2028 ου’δὲ
1334 1963 1392 2026 ε’πτ·

274 2085 517 2174 Βστράφησαν,
546 2075 649 2146 πολλά
677 2073 955 2158 ἐπαγγελλομένων
981 2059 1018 2133 εδ
1045 2067 1198 2152 ποιήσειν.
1243 2060 1324 2128 άλλά
1342 2069 1394 2133 τοῖς

307 2189 447 2273 δξαρχής
467 2183 630 2264 ἐνέμειναν
649 2183 813 2259 λογισμοῖς
842 2170 899 2236 καί
919 2174 960 2259 τῇ
982 2166 1056 2254 περί
1073 2170 1133 2234 τοῦ
1153 2167 1255 2232 καλοῦ
1287 2160 1340 2228 καί
1356 2163 1394 2224 δι·

308 2286 401 2352 καίου
422 2283 545 2369 κρίσει·
577 2275 662 2343 δι’ίί
697 2271 754 2340 καί
771 2275 866 2358 μέχρι
887 2274 945 2336 νύν
965 2257 1091 2346 πολλοῖς
1112 2261 1394 2353 προσταλαιπωροό·

308 2409 362 2452 σιν
383 2386 547 2466 α’λγεινοῖς.
589 2374 629 2444 σύ
654 2379 686 2441 δ’
706 2371 770 2439 ύπό
800 2373 977 2460 φιλαρχίας
1005 2367 1061 2434 καί
1079 2371 1135 2454 τῆς
1163 2365 1244 2432 κατά
1270 2363 1326 2449 τήν
1348 2361 1420 2445 ‹tp-2⁰

306 2482 513 2570 χιερωσύνην
534 2479 626 2562 δόξης
647 2475 795 2566 ἡττηθείς
816 2473 979 2556 αἰσχραῖς,
1007 2471 1064 2534 καί
1090 2465 1167 2546 τούς
1188 2469 1395 2552 συμπρεσβεν·

311 2581 369 2660 τάς
386 2577 468 2664 μετά
488 2579 546 2643 τού
567 2577 693 2642 δικαίου
714 2578 770 2639 καί
786 2576 845 2658 τής
866 2568 1020 2656 άληδείας
1040 2561 1254 2656 προύδωκας·
1285 2560 1330 2642 οἷς
1347 2561 1394 2646 tip-

215 2681 405 2787 ii3418poues
426 2675 541 2763 μικρόν
569 2673 813 2754 ύπαλλάξαντας
839 2669 877 2738 τό
907 2665 970 2736 ύπό
994 2669 1132 2736 Παύλου
1163 2670 1223 2734 τού
1242 2663 1393 2734 δεσποστόν

327 2839 330 2844 '
384 2839 412 2892 6.
430 2837 479 2888 καί
500 2839 563 2886 anto
579 2830 642 2902 ίργ.
660 2828 722 2883 εδδ.
739 2829 778 2884 Μ.

313 2971 396 3011 sensu
423 2953 589 3015 deficiente,
614 2958 714 3002 terram
742 2948 871 3002 stabilem
897 2957 925 3002 et
951 2949 1142 3000 inconcussam
1169 2947 1300 3000 vacillare
1321 2948 1391 3014 patet,

312 3026 424 3112 areensi
442 3024 549 3107 insania
568 3029 727 3091 correptus,
748 3022 818 3073 alios
838 3036 950 3104 quoque
969 3019 1075 3070 iudicet
1093 3019 1226 3074 insanire.
1263 3019 1297 3073 Et
1312 3025 1338 3068 tu
1354 3013 1392 3082 igi-

313 3108 361 3153 tor
386 3112 464 3148 snam
488 3094 575 3163 gloria
603 3098 633 3144 et
662 3106 754 3143 amore
782 3090 942 3143 dominandi
967 3091 1096 3142 subactus
1122 3089 1205 3158 plane
1232 3089 1391 3159 proditorque

313 3171 469 3230 maximus,
488 3163 561 3230 nihil
580 3164 699 3224 mirum,
720 3163 743 3213 si
763 3161 902 3214 insontem
922 3177 966 3212 me
988 3159 1148 3212 eorumdem
1172 3161 1319 3211 criminum
1341 3171 1390 3207 oon·

316 3241 438 3295 dcmnes.
474 3235 637 3294 Meministi,
656 3231 805 3302 quomodo,
827 3248 888 3284 cum
907 3231 942 3282 ad
960 3232 1071 3283 virtutis
1094 3231 1220 3282 alumnos
1251 3226 1392 3283 bonnam-

317 3327 372 3382 que
392 3313 526 3360 amatores
544 3313 572 3356 et
589 3303 709 3354 cultores
726 3303 758 3352 in
778 3301 851 3354 Atho
869 3310 963 3354 monto
984 3302 1123 3364 scribens,
1148 3317 1194 3351 eos
1215 3301 1297 3352 enixe
1323 3310 1393 3366 rogu-

317 3397 395 3442 sem,
416 3385 448 3429 ut
467 3377 625 3443 Byzantium
645 3374 802 3437 venientes,
820 3390 883 3425 cum
904 3374 1097 3442 imperatrice,
1116 3371 1275 3440 patriarcha
1294 3379 1321 3422 et
1335 3361 1391 3438 quoti

317 3447 614 3534 nominasti'concilio
640 3443 675 3496 de
694 3461 759 3512 pace
777 3452 905 3511 agerent,
923 3441 1138 3514 deponendique
1157 3441 1239 3501 belii,
1259 3441 1330 3514 qnod
1342 3451 1392 3486 ton·

318 3521 390 3572 lictis
410 3515 650 3572 criminationibus
681 3513 750 3565 mihi
778 3513 935 3565 immerenti
955 3513 1130 3576 intulissent,
1160 3520 1286 3566 auctores
1306 3512 1390 3562 fierent,

318 3607 382 3645 cnm
408 3589 470 3642 aliis
488 3594 517 3638 te
537 3600 666 3656 quoque,
692 3593 724 3636 ut
742 3584 941 3637 sanctimoniae
970 3581 1062 3636 studio
1086 3583 1246 3651 flagrantum
1266 3580 1391 3634 seilicettl

322 3678 373 3733 pro
400 3658 503 3713 tuenda
533 3657 678 3709 honestate
705 3655 899 3724 communique
927 3653 1017 3706 fructu
1040 3653 1146 3705 nullum
1166 3663 1304 3707 certamen
1322 3650 1391 3701 ‹letri-

324 3739 472 3815 culturum,
488 3728 693 3811 assumpserint.
711 3725 812 3777 Verum
832 3726 874 3777 illi
894 3733 966 3776 recte
986 3739 1051 3774 sane
1070 3733 1098 3776 et
1116 3742 1187 3794 qune
1211 3725 1331 3794 oportuit
1347 3731 1391 3769 cum

323 3802 454 3887 libertate
473 3799 618 3856 dixerunt,
637 3813 802 3864 suarumque
822 3796 940 3867 partium
960 3793 1032 3846 nihil
1049 3796 1309 3864 praetermiserunt,
1328 3799 1352 3841 et
1364 3783 1389 3833 ab

325 3889 376 3932 us,
403 3887 453 3942 qur
476 3885 571 3922 eorum
595 3866 780 3936 integritatem
805 3881 978 3935 corrumpere
1002 3875 1085 3936 atque
1107 3883 1124 3915 ι
1141 3866 1259 3918 veritate
1278 3867 1305 3916 in
1322 3861 1391 3912 diver·

323 3959 384 4024 sum
402 3957 498 4023 rapepe
515 3942 620 4008 mugnis
639 3937 889 4007 pollicitationibus
904 3934 1091 3997 conabantur,
1119 3951 1134 3984 a
1153 3939 1250 4006 primis
1274 3927 1390 4001 cogitatio·

323 4011 408 4064 nibus
439 4026 496 4062 sura
524 4019 607 4080 atquc
632 4007 667 4058 ab
694 4025 742 4070 eo,
763 4007 838 4079 quod
856 4007 942 4058 semel
960 4006 1106 4061 honestum
1123 4023 1156 4056 ac
1175 4009 1275 4059 iustum
1292 4001 1388 4054 icilius·

323 4090 404 4145 sent,
428 4095 486 4133 non
513 4087 578 4130 sunt
603 4077 709 4136 dimoti,
754 4077 816 4144 Qua
847 4077 882 4130 de
900 4093 981 4128 causa
999 4093 1086 4149 usque
1104 4075 1189 4130 hodie
1211 4079 1239 4130 in
1260 4074 1337 4128 multa
1352 4083 1388 4117 τε·

323 4167 420 4236 rumpe
438 4158 511 4206 sunt.
534 4149 577 4201 Tu
597 4155 689 4201 anteln
708 4148 860 4218 imperandi
879 4147 1010 4218 cupidine
1027 4154 1057 4200 et
1075 4147 1248 4218 episcopatus
1269 4139 1388 4214 splendore

322 4230 442 4307 turpiter
471 4227 628 4300 superetur,
658 4220 740 4272 etiam
769 4220 914 4288 legationis
933 4218 1021 4271 socios
1040 4235 1095 4270 una
1117 4237 1177 4271 cunr
1198 4219 1386 4272 iustitinetrt·

323 4299 405 4352 ritate
423 4287 588 4363 prodiduti5
606 4289 656 4360 qui
678 4288 749 4343 iilud
768 4289 825 4348 divi
847 4289 925 4345 Pauli
945 4288 981 4344 de
1001 4289 1087 4348 nana
1105 4290 1214 4346 modice
1240 4287 1384 4345 immutatum
1409 4263 1415 4278 ’
