2976 4954
318 269 374 358 80
719 293 999 368 munientem

171 459 233 517 hc.
247 453 364 530 ιεςιέτι
397 454 500 542 πολλῷ
527 451 647 535 μάλλον
680 443 922 540 άναγκαιότερον
953 456 1008 518 καί
1037 459 1282 542 λυσιτελέστερον
1307 457 1386 543 ’πρὸς

315 551 373 637 τήν
394 554 440 628 εἰς
460 552 699 636 Πελοπόννησον
726 555 893 637 στρατείαν
923 549 990 633 ἅμα
1015 547 1071 640 ήρι
1092 555 1388 640 παρεσκευασμένους

316 650 420 718 έδάκει
446 643 530 715 εἶναι
570 654 626 717 καί
656 651 701 735 μή
724 655 892 736 προΐεσθαι
921 650 979 716 τάν
998 649 1120 736 καιρὸν,
1148 653 1286 739 πράξειαν
1303 677 1390 738 παρε-

314 748 451 835 χόμενον
464 745 610 832 μεγάλων
626 750 784 836 άφορμάς.
805 752 858 832 „si
875 749 947 835 γάρ,
960 755 1039 815 &sori
1055 755 1314 838 συναιρουμένοο,
1326 751 1391 828 τούς
1469 807 1470 832 ,

315 848 371 932 τήν
382 845 622 933 Πελοπόννησον
634 853 795 924 οἰκοῦντας
816 853 997 925 Λατίνους”
1017 849 1135 936 ἔφασκε
1154 853 1409 934 ,γένοιτοπροσδ
1469 857 1470 874 ’

319 953 447 1031 λαβεῖν,
476 946 594 1033 άνάγκή
619 948 675 1012 καί
694 945 769 1025 roric
789 947 848 1032 τήν
865 949 1013 1034 Ἀττικήν
1033 953 1090 1014 καί
1109 953 1267 1016 Βοιωτίαν
1287 951 1395 1014 οἰκοῦν-

290 1070 375 1122 ςςτας
398 1047 602 1126 Κατελάνους
623 1041 645 1134 ἢ
665 1043 790 1124 ἑκόντας
811 1045 888 1132 ήμῖν
909 1045 930 1133 ἢ
951 1053 1142 1132 βιασθέντας
1170 1051 1397 1134 προσχωρήσει.

317 1143 430 1212 τούτου
460 1150 495 1212 δέ
520 1151 726 1232 γεγενημένου
758 1148 814 1211 καί
841 1149 897 1233 τῆς
912 1149 1079 1232 Ῥωμαίων
1106 1145 1273 1234 ἡγεμονίας
1300 1141 1395 1230 άσπερ

317 1249 353 1312 έν
385 1256 451 1322 τοῖς
477 1242 577 1311 πάλαι
607 1243 749 1332 χρόνοιςΙ
764 1249 800 1313 ἐκ
819 1245 1064 1335 Πελοποννήσου
1095 1250 1195 1333 μέχρι
1227 1249 1397 1324 Βυζαντίου

317 1347 470 1427 συνεχοῦς
494 1349 716 1431 γεγενημένης,
747 1342 847 1426 ἔξεστι
872 1349 1026 1436 συνορᾷν,
1060 1341 1103 1421 αἱς
1124 1341 1216 1410 οὐδέν
1237 1342 1327 1430 ἔργον
1345 1335 1427 1426 siduno

323 1439 499 1526 Τριβαλοάς
519 1467 553 1508 τε
575 1447 630 1509 καί
648 1442 720 1521 τοδς
740 1437 858 1523 ἄλλους
881 1448 1059 1533 περιοίκους
1079 1449 1142 1510 τῶν
1162 1441 1334 1528 βαρβάρων
1352 1443 1400 1522 τῆς

317 1537 438 1626 ὕβρεως
469 1543 557 1618 δίκας
584 1543 746 1625 άπαιτεΐν,
778 1535 817 1629 ἧς
846 1546 1068 1630 ἐξυβρίζουσιν
1088 1544 1132 1621 εἰς
1155 1539 1241 1626 ήμάς
1260 1543 1400 1606 τοσοῦτον

315 1632 378 1726 ήδη
398 1640 524 1728 χρόνον.
565 1636 680 1719 nicode
698 1645 841 1728 perpulsos
854 1647 975 1710 ἐκεῖθεν
988 1644 1123 1708 έλιτιδιον
1136 1638 1402 1728 ὑποφαινομένου,
1469 1631 1470 1698 ἶ

317 1739 398 1807 οὕτω
427 1737 577 1826 προσήκει
606 1744 758 1824 πράττειν
786 1737 864 1808 ιάστι
887 1741 932 1828 μή
953 1739 1008 1808 uie
1038 1740 1149 1827 καιράν
1181 1737 1268 1825 ήμάς
1296 1741 1403 1821 ‹isupe-
1469 1731 1470 1818 J

316 1849 391 1924 γεῖν.
433 1826 473 1903 od
494 1836 533 1924 δή
558 1841 648 1908 ἓνεκα
672 1844 717 1917 εἰς
736 1838 912 1921 Βυζάντιον
938 1841 1025 1926 ἡμεῖς
1060 1843 1244 1905 ἐπανελθεῖν
1275 1837 1433 1924 ήγοῦμαιεό

318 1939 390 2005 νυνί
408 1935 585 2024 προσήκειν.
636 1937 800 2022 δυνάμεως
819 1939 880 2026 γάρ
906 1939 980 2026 ἡμῖν
999 1938 1076 2026 πρὸς
1094 1937 1150 2024 τήν
1171 1937 1404 2022 Πελοπόννησον

283 2058 304 2113 c
315 2044 411 2124 χρεία
437 2043 604 2124 ναυτικῆς,
635 2038 674 2126 ἢν
696 2043 750 2104 δεῖ
764 2044 821 2105 τοῦ
839 2045 995 2123 χειμῶνος
1017 2043 1334 2124 παρασκευασθῆναι,
1373 2029 1406 2100 ris

317 2131 374 2203 ode
393 2140 511 2204 τούτων
532 2133 745 2224 άμελήσαντες
768 2123 843 2220 νῦν,
863 2136 1059 2224 τραποίμεθα
1082 2135 1160 2224 πρὸς
1180 2135 1237 2220 τήν
1261 2135 1406 2226 ἑσπέραν,

317 2235 503 2317 νομίσαντες
520 2235 565 2313 ὥς
589 2234 781 2319 έπανήξομεν
803 2237 894 2300 τάκεῖ
916 2237 1167 2320 καταστήσαντες
1182 2239 1326 2319 ταχέως,
1347 2237 1407 2308 δέος

317 2334 362 2420 μή
394 2335 542 2416 πολέμοις
570 2336 778 2416 ἐμπλακέντες
805 2340 862 2400 καί
880 2361 961 2401 τισιν
989 2333 1108 2419 ἑτέροις
1138 2335 1326 2418 ἀναγκαίοις
1362 2335 1435 2400 καίεο

318 2431 362 2518 μή
392 2435 577 2518 δυνηθέντες
601 2435 928 2518 παρασκευάσασθαι,
956 2433 1180 2510 ἐπανελθόντες
1209 2439 1409 2517 ἀπολέσωμεν

226 2530 383 2624 veqvit
403 2535 526 2618 πρᾶξιν.
560 2530 616 2598 ε’ίιν
639 2535 674 2598 δὲ
695 2533 859 2616 γενώμεθα
880 2537 914 2598 ἐν
934 2537 1099 2622 Βυζαντίῳ
1122 2537 1194 2614 νῦν,
1224 2538 1341 2620 πρῶτα
1361 2536 1406 2615 μέν

320 2632 504 2718 ναυάρχους
526 2629 760 2718 καταστήσομεν
781 2632 837 2697 καί
856 2630 1049 2718 στρατηγὸν,
1079 2625 1125 2708 οἷς
1149 2634 1285 2718 μελήσει
1306 2630 1365 2707 τάς
1383 2652 1407 2693 u

320 2735 399 2806 ναῦς
427 2729 656 2826 ἐπισκευάζειν
671 2735 728 2797 καί
745 2731 883 2817 ναύτας,
918 2734 951 2797 οδ
969 2731 1172 2818 turpiorum
1183 2783 1194 2816 ,
1212 2736 1273 2800 καί
1291 2730 1411 2806 ὁπλίτας

391 2885 434 2953 νή.
454 2884 603 2952 ἐρήσονται
618 2886 647 2940 Ρ.

321 3047 372 3103 est,
391 3039 426 3091 ad
444 3037 649 3108 expeditionem
675 3040 705 3090 in
722 3039 938 3108 Peloponnesum
960 3037 1096 3106 principio
1114 3037 1185 3090 veris
1204 3045 1321 3108 paratos
1348 3051 1414 3091 esso:

315 3117 372 3162 'nec
390 3123 406 3160 o
426 3109 551 3162 monibus
571 3109 767 3162 dimittendum
785 3118 909 3178 tempus,
932 3108 1016 3160 rebus
1044 3109 1183 3176 praeclare
1209 3109 1343 3176 gerendis
1363 3107 1415 3158 ido·

323 3195 415 3232 neom.
453 3181 482 3233 Si
508 3180 582 3233 enim
604 3181 663 3234 Deo
688 3181 854 3242 auxiliante,
890 3181 1000 3250 iuquit,
1018 3179 1237 3247 Peloponnesum
1262 3179 1416 3232 habitantes

320 3251 437 3303 Latinos
469 3249 503 3304 ad
533 3251 678 3320 imperium
701 3251 920 3313 adiunxerimus,
959 3251 1041 3303 etiam
1072 3251 1213 3312 Catalani,
1244 3251 1369 3302 Atticam
1394 3254 1418 3298 et

319 3323 461 3375 lloeotinm
500 3322 669 3383 incolentes,
692 3322 781 3374 velint
812 3320 918 3384 nolint,
943 3336 971 3371 se
998 3319 1079 3373 nobis
1109 3319 1219 3372 dedunt
1261 3319 1329 3389 Quo
1355 3321 1419 3374 tacto

321 3392 499 3464 Romanoque
527 3393 685 3462 principatu
704 3392 780 3444 velut
803 3394 902 3444 olims
924 3392 1113 3461 Peloponneso
1141 3391 1308 3458 Byzantium
1336 3391 1420 3442 conti·

320 3472 423 3527 nuato,
449 3463 568 3532 intelligi
591 3471 700 3531 potest,
728 3479 784 3514 non
803 3462 862 3515 loro
884 3478 1028 3533 operosum
1055 3459 1187 3513 'l'ribullis
1219 3459 1348 3534 aliisque
1371 3461 1420 3512 eir-

321 3533 539 3586 eumiaeeutibus
561 3533 686 3586 barbaris
711 3550 760 3604 pro
787 3532 915 3596 iniuriis,
938 3531 1043 3584 tamdiu
1062 3531 1143 3582 nobis
1168 3547 1229 3581 curu
1253 3539 1335 3584 tanta
1354 3531 1423 3582 inso-

324 3603 411 3656 lentie
434 3604 529 3666 illotis,
548 3604 667 3674 pretium
685 3603 849 3674 persolvere.
887 3601 927 3654 dd
949 3621 1010 3671 spes
1032 3603 1116 3670 igitur
1139 3601 1330 3670 amplissimus
1362 3600 1422 3654 inde

324 3671 500 3726 sublucentes
519 3675 749 3726 accomodandum
774 3682 817 3724 est
842 3673 940 3743 agendi
959 3671 1099 3734 studium,
1128 3687 1163 3725 ne
1194 3671 1307 3726 occasio
1331 3672 1424 3722 eisha-

325 3750 378 3795 tur.
415 3745 476 3812 Qun
496 3744 530 3796 de
552 3743 810 3818 earrsassyzsntium
829 3745 1002 3813 redeundum
1016 3759 1129 3798 censeo:
1150 3742 1185 3794 od
1201 3741 1426 3812 Peloponnesum

325 3815 399 3864 enim
424 3816 516 3866 navali
542 3823 674 3886 apparatu
706 3813 875 3884 indigemus,
903 3825 931 3867 et
958 3815 981 3865 is
1011 3831 1060 3883 per
1084 3814 1203 3865 hiemem
1235 3811 1426 3881 providendus

325 3891 374 3935 est.
412 3883 493 3953 Quod
521 3887 554 3949 si,
583 3886 626 3939 his
659 3885 741 3937 modo
765 3885 941 3952 posthabitis,
967 3885 996 3936 in
1021 3885 1190 3936 occidentem
1216 3892 1427 3942 convertemur,

325 3954 471 4021 opinantes
491 3972 540 4006 nos
559 3957 709 4009 constituto
732 3956 791 4006 iilic
822 3973 910 4006 rerum
937 3963 1009 4007 statu
1034 3954 1160 4006 celeriter
1185 3969 1369 4014 reversuros,
1394 3953 1428 4003 ti·

325 4022 470 4082 mendum,
498 4040 534 4076 ne
553 4025 611 4079 iilic
633 4025 708 4078 bello
726 4035 754 4078 et
772 4026 834 4077 oliis
856 4024 1021 4094 quibusdam
1045 4025 1259 4078 necessitatibus
1283 4021 1432 4095 impliciti,

325 4102 389 4162 post
406 4095 539 4158 reditum,
558 4104 620 4148 cuna
637 4115 687 4150 nos
710 4097 846 4148 instruere
864 4097 1090 4165 nequiverimus,
1119 4095 1158 4146 rei
1177 4094 1324 4163 gerendae
1345 4091 1434 4146 iocul-

325 4169 411 4214 tatem
442 4167 605 4220 emittamus.
663 4168 713 4219 Sin
740 4166 866 4234 Byzantii
895 4184 968 4218 nunc
992 4166 1140 4226 fuerimus,
1163 4167 1287 4234 primurn
1323 4164 1435 4236 quidem

326 4235 480 4286 nasrerchos
499 4244 526 4288 et
544 4237 641 4290 ducem
662 4237 754 4292 classis
775 4233 998 4307 designabimus,
1025 4235 1127 4308 quihus
1153 4251 1233 4290 corae
1262 4238 1322 4290 orit
1340 4244 1370 4289 et
1386 4249 1433 4287 na-
