2894 4942
369 333 656 400 nrsnoamaon
686 339 740 400 σι.
771 335 822 407 ss.
1059 309 1141 396 213

78 477 121 546 τίω
138 484 305 564 συμβουλῆς
326 475 458 566 ἥκουσιν
477 482 586 572 έκείνφ
615 482 846 570 βοηθήσοντες·
872 482 952 550 disi
974 482 1030 552 καί
1047 487 1211 569 βασι-λδ.
1225 489 1290 560 stis

78 584 139 655 λέας
156 579 264 656 πολλός
293 586 463 663 καταχέειν
494 587 653 670 λοιδορίας
674 588 731 650 καί
757 579 851 650 οὐδέν
865 585 994 652 ἐκείνων
1014 587 1142 650 δπολεί·

79 685 167 745 storo
185 677 238 765 τήν
260 684 307 756 είς
327 680 427 746 αὐτόν
440 686 577 767 πικρίαν.
610 680 686 750 ὅθεν
706 683 762 748 καί
779 681 942 768 γενόμενος
963 683 998 749 ἐν
1016 687 1141 750 Θεσσα-

81 779 156 864 λονίκη
172 777 300 854 οόδονός
319 783 383 845 τῶν
404 783 504 846 έκεῖσε
534 786 756 868 τολμηθέντων
779 787 834 849 ἐπί
848 781 988 868 ’ω’μότητε
1011 783 1066 848 καί
1083 807 1141 848 που

71 879 151 966 διηρίρ
174 883 372 964 βεβοημένων
398 879 594 947 ἀπελείπετο.
635 887 762 968 πρῶτον
792 887 827 948 δὲ
857 889 890 948 έν
918 888 958 969 τῇ
989 886 1070 970 μονῇ
1093 887 1134 968 τῇ
1142 891 1178 946 V.
1192 889 1243 962 ³⁷⁴

85 981 337 1066 προσαγορευομένη
358 982 472 1067 Πέτρᾳ
504 974 657 1066 οἷπρόϊτον
675 983 783 1064 μένειν
803 985 1029 1062 κατεδίκασαν,
1059 1006 1137 1067 προ-

86 1077 141 1150 ιιίις
153 1079 201 1160 τῆς
220 1079 269 1152 είς
290 1075 326 1142 τό
348 1081 442 1158 σῶμα
456 1081 674 1166 προσηκούσης
690 1075 841 1163 οδδεμιοῖς
856 1080 1163 1166 ιῖποστερήσαντες.Β

85 1173 161 1252 διδόν
184 1177 218 1240 δέ
251 1175 306 1241 διό
327 1175 364 1240 τό
387 1179 486 1266 α’ρετῇ
505 1183 569 1244 τῶν
590 1171 694 1244 ἄλλων
715 1180 883 1266 ὑπερέχειν
902 1182 958 1244 καί
975 1178 1141 1264 γνωριμώ-

80 1295 143 1338 τατοι
156 1277 215 1340 ταῖν
232 1277 393 1358 βασιλέως
414 1275 517 1364 φίλων
538 1272 636 1360 εἶναι,
659 1279 729 1344 ἐπεί
747 1279 792 1364 μὴ
815 1288 1010 1370 συμφρονεῖν
1031 1279 1140 1353 αότοῖς

57 1371 210 1456 redieritne,
241 1376 278 1439 έν
302 1371 396 1464 ἑτέρᾳ
418 1379 500 1464 μονῇ
520 1381 559 1464 τῇ
587 1377 687 1466 Χοόρρι
715 1382 1005 1465 προσαγορευομένῃ
1033 1381 1140 1458 μένειν

72 1467 220 1538 miritis
249 1476 451 1559 ἐψηφίσαντο
480 1473 645 1561 α’πρόϊτον.
685 1481 886 1562 βουλομένων
916 1479 951 1540 δὲ
980 1476 1034 1540 καί
1061 1498 1139 1561 προ-

67 1571 133 1644 σίας
150 1567 258 1652 όξιοῦν
279 1577 413 1658 πολλῆς,
447 1570 484 1638 οδ
508 1575 712 1659 κατεδέξατο,
733 1577 778 1660 μη
802 1579 923 1641 δίκαιον
942 1570 1047 1658 εἶναι,
1075 1572 1138 1660 φό-

66 1675 146 1753 cros‘,
165 1674 199 1736 ἐκ
217 1675 284 1737 τεόν
306 1672 423 1754 αίμασι
441 1674 497 1738 καί
517 1673 628 1759 φόνοις
648 1676 830 1758 χαιρόντων
850 1698 883 1738 τι
904 1679 1022 1756 λαβεῖν.
1046 1677 1139 1738 τοῦτο

64 1768 90 1832 δὲ
100 1769 183 1850 μόνον
203 1768 323 1852 εἰπόν,
344 1767 388 1848 σός
409 1769 466 1838 τόν
486 1771 549 1837 ὑπὸ
562 1775 642 1836 θεοῦ
663 1767 901 1858 φρουρούμενον
921 1773 1056 1858 οὐδεμιᾷ
1076 1795 1137 1836 τινι

41 1865 167 1956 15μηχσνη·
187 1867 326 1936 δυνατόν
345 1869 397 1936 ὕπ’
417 1870 544 1947 οδδευὸς
573 1861 812 1958 διαφθαρῆναι,
829 1861 967 1953 ἡσυχίαν
987 1862 1051 1953 ἦγε.
1072 1873 1136 1948 ’τοῖς

62 1967 85 2028 δ’
101 1961 199 2044 ἄλλοις
219 1964 340 2034 ἅπασιν
361 1971 402 2033 oo'
427 1967 569 2052 μάλιστα
597 1968 770 2051 ἀξιολόγοις
797 1961 892 2048 orins,
922 1965 979 2051 τήν
999 1969 1045 2042 εἰς
1077 1967 1136 2046 τὰς

61 2065 128 2140 idcirc
146 2067 246 2148 μονὰς
268 2071 440 2153 ἐπέτρεπον
460 2067 622 2138 ἐπάνοδον.
664 2071 740 2154 περί
757 2069 817 2148 μέν
840 2060 898 2131 οὖν
919 2063 975 2148 τήν
995 2069 1057 2131 τόν
1076 2088 1136 2147 μο-

60 2168 148 2247 orror
160 2165 334 2250 πρεσβείου
352 2171 486 2234 τοιαῦτα
507 2165 689 2254 πατριδρχη
704 2167 759 2232 καί
770 2173 836 2242 τοῖς
851 2163 1053 2248 συνωμόταις
1067 2167 1135 2229 ε’τε-

60 2267 135 2330 λεῖτο.
175 2264 329 2348 βασιλεός
350 2270 386 2334 δὲ
407 2265 425 2332 o‘
446 2266 712 2352 Καντακουζηνδς
732 2263 776 2344 ὥς
796 2263 852 2350 τὴν
867 2266 949 2350 ὑπὲρ
970 2270 1024 2349 τῆς
1044 2262 1164 2349 riori-C

35 2379 100 2446 rome
117 2369 285 2452 πρεσβείαν
305 2365 323 2432 ό
334 2365 498 2453 Βστότζης
520 2369 659 2432 δέει-τεόν
678 2365 719 2432 τό
740 2363 912 2452 πράγματα
934 2365 1136 2430 διοικούντων

58 2454 254 2548 διηγόρευεν,
276 2468 322 2542 εἰς
342 2464 379 2530 τό
400 2463 609 2551 στρατόπεδον
634 2468 800 2550 έσανῆκεν.
841 2459 917 2550 εὗρε
939 2467 974 2530 δὲ
994 2467 1029 2532 ἐκ
1053 2466 1134 2530 Θεσ-

57 2563 206 2651 ιολονιλιης
226 2565 421 2654 ἀφιγμένους
427 2615 439 2650 ,
460 2564 517 2644 οίίς
538 2559 632 2647 οὗτός
654 2559 748 2658 σ’λίγιρ
770 2563 924 2653 πρότερον
944 2561 1022 2650 πρὸς
1048 2588 1135 2651 πρω·

116 2752 152 2806 ιλ
170 2745 228 2806 διεδ
249 2745 368 2810 scorrer
383 2749 411 2804 Ρ.
463 2765 509 2805 ao.
528 2747 679 2822 δρχδντιον
696 2750 724 2802 P.
738 2765 789 2822 pro
807 2746 1007 2804 διοικούντων.

57 2917 269 2982 tentamenta,
287 2927 316 2972 et
330 2921 418 2972 zelum
436 2921 590 2992 meliusque
604 2919 754 2972 eonsilium
771 2921 958 2988 praeferentes
973 2921 999 2971 ei
1017 2919 1056 2973 sic
1074 2921 1134 2988 opi·

57 2987 158 3039 lotatum
178 2990 328 3056 venirent)
344 3007 437 3044 veruna
453 2993 537 3044 etiam
556 2996 587 3042 nt
604 2991 714 3060 probris
732 2991 828 3044 multis
849 2992 1040 3060 imperatorem
1059 2990 1135 3043 Can·

55 3061 199 3110 tacecenorn
230 3061 397 3124 incesseret,
428 3077 480 3114 nec
496 3077 525 3111 se
553 3061 587 3110 ab
614 3063 680 3128 ipsis
709 3061 871 3128 conspiratis
899 3061 1078 3111 ascendentia
1104 3063 1134 3116 in

55 3123 122 3178 illnns
139 3129 210 3181 vinci
228 3138 377 3198 pateretur.
401 3130 481 3182 Vnde
498 3139 528 3184 et
543 3129 755 3184 Thessalonicae
772 3146 833 3184 cnm
850 3132 904 3181 iarn
923 3138 1010 3194 esset,
1026 3131 1135 3184 nullum

56 3204 106 3248 erat
123 3197 161 3249 ibi
176 3209 233 3252 tarn
251 3201 347 3254 nobile
366 3200 530 3256 erudelitate
549 3208 578 3254 et
595 3201 720 3271 nequitia
741 3201 828 3252 scelos
848 3209 912 3252 ante
931 3206 1135 3268 perpetratum,

55 3267 92 3318 cni
110 3267 166 3336 ipse
186 3288 242 3323 non
255 3289 309 3391 φιτ
326 3271 436 3330 iaceret.
470 3271 603 3323 isaacium
622 3287 704 3333 vero,
722 3270 771 3340 qui
791 3270 916 3350 ordinem
936 3269 1069 3330 ducebat,
1098 3269 1135 3324 ad

55 3341 237 3392 nonasterium
275 3349 334 3394 etra
355 3341 457 3394 dietum
476 3341 672 3394 condemnant:
691 3341 742 3401 ita,
761 3346 792 3390 ut
809 3357 824 3390 a
844 3355 954 3391 nemine
973 3341 1135 3392 convenire·
1161 3363 1168 3370 ·

56 3412 108 3468 tur,
125 3411 197 3462 nulia
214 3419 305 3464 umen
325 3429 353 3466 re
372 3412 408 3463 ad
430 3412 576 3464 curandum
595 3428 694 3479 eorpus
713 3411 865 3464 necessaria
886 3419 985 3476 egeret.
1024 3408 1134 3474 Sabarn,

55 3477 121 3544 quod
138 3481 236 3535 virtute
255 3484 354 3534 ceteris
371 3490 521 3534 antestaret
542 3488 668 3550 essetque
687 3481 858 3551 imperatoris
880 3479 1001 3530 amicicia
1021 3479 1134 3532 notissi-

56 3561 106 3600 raus
122 3548 200 3602 etsb
225 3553 292 3621 ipsis
310 3553 398 3605 iecere
416 3553 518 3614 nollet,
543 3553 573 3602 in
592 3551 647 3602 alio
667 3552 851 3614 monasterio,
879 3549 968 3602 Chora
986 3549 1137 3616 appellato,

55 3629 171 3684 manere,
196 3638 247 3674 nec
263 3639 325 3674 euna
343 3642 359 3674 a
377 3639 515 3694 quoquam
535 3621 606 3673 adiri
626 3621 812 3674 decreverunt.
851 3619 940 3690 Quem
960 3635 1020 3670 curn
1038 3619 1135 3673 sedulo

56 3700 138 3742 curare
161 3691 280 3755 vellent,
312 3711 368 3746 non
394 3693 475 3756 tulit,
502 3691 645 3760 dixitque,
663 3693 790 3764 iniquum
813 3705 872 3742 esse
898 3689 932 3740 ab
956 3690 1006 3751 iis,
1030 3689 1078 3760 qni
1104 3691 1135 3742 in

56 3756 128 3813 caede
155 3767 184 3814 et
206 3763 337 3832 sangnine
357 3763 526 3832 voluptatem
552 3760 703 3826 haberent,
750 3761 880 3832 uidquam
907 3759 1040 3828 accipere.
1076 3745 1155 3814 iloc‘

56 3835 135 3880 sntena
154 3831 211 3884 solo
227 3831 321 3897 dicte,
342 3849 425 3902 quesn
445 3835 519 3886 Deus
537 3839 676 3894 tueretur,
698 3779 855 3884 miliacum
876 3827 1002 3882 maehina
1019 3828 1054 3883 ab
1075 3831 1135 3884 ullo

56 3901 198 3954 nortaiinna
214 3920 295 3972 posse
318 3903 456 3968 interimi,
482 3903 612 3970 deinceps
631 3902 725 3953 tacuit
760 3901 867 3956 Ceteris
886 3915 967 3969 porro
996 3899 1135 3966 omnibus,

56 3975 150 4024 utnon
168 3975 236 4026 uati
254 3973 447 4034 aestimandis,
474 3973 509 4024 ad
527 3973 691 4026 monasteria
709 3989 757 4024 sua
784 3971 967 4024 reversionem
994 3985 1136 4024 concesse-

56 4047 119 4090 runt
154 4041 327 4112 legationem
346 4041 539 4096 monachorum
557 4040 710 4110 patriarcha
729 4049 758 4092 et
775 4042 909 4094 coniurati
929 4041 963 4094 ad
984 4039 1060 4094 hunc
1077 4057 1136 4095 me·

58 4105 114 4162 (lura
130 4123 299 4180 exceperunt
325 4115 545 4175 Cantaeurenus,
564 4121 707 4182 poctquanr
727 4115 847 4166 Batauos
861 4113 999 4182 legatione
1010 4111 1044 4166 de
1059 4125 1135 4178 pace,

59 4185 125 4232 netu
141 4198 249 4246 eornm,
273 4186 321 4256 qui
340 4182 506 4254 regnabant,
532 4183 609 4254 iungi
630 4183 790 4252 pertimuit,
815 4181 851 4234 ad
870 4184 1019 4236 exereitum
1038 4177 1134 4236 rediit:
1243 4211 1245 4220 =

59 4245 102 4302 abi
119 4250 226 4308 reduces
245 4257 367 4322 invenit,
393 4239 576 4328 qucs'noper'
588 4252 622 4307 ad
641 4259 864 4324 protostrsterern
884 4253 1011 4318 miserat,
1037 4251 1135 4310 nunti-
