2886 4948
376 278 663 388 nrsroerannrr
676 319 679 324 ·
692 319 747 381 nr.
768 322 822 391 53.
1050 283 1138 396 309

63 479 206 562 ιλρημδνον
225 478 300 560 περί
318 478 434 561 Δημᾶ,
456 473 511 540 καί
528 473 604 559 περὶ
623 476 683 538 σοῦ
703 473 803 538 einen
824 471 915 552 veri,
936 459 994 548 δτι,
1017 458 1287 530 Mane-meta

65 599 119 660 ριις
134 575 216 660 ἧμνῖς
235 577 451 660 ἐγκατέλιπεν,
478 573 646 659 α’γαπήσας
677 571 734 639 τδν
753 575 811 639 νῦν
832 570 952 650 αιίδνα,
981 566 1037 630 καί
1063 564 1138 628 ino·

65 675 146 760 ρτδδη
169 675 215 752 εἰς
245 676 491 759 Θεσσαλονίκην.
536 671 674 758 ἃδχρῆν
692 673 911 757 μεμνημένον,
939 664 995 730 καί
1014 659 1058 739 oie
1077 663 1137 726 viv

67 773 236 859 δνοσιιδτσρα
268 772 326 840 καί
352 774 531 860 ἀδικώτερα
558 775 665 862 πολλρῖ
689 775 827 861 τολμᾷς,
869 766 926 833 τὸν
953 763 1047 830 οὐδὲν
1075 761 1231 843 ἐμὲΡιὸνο

58 868 211 956 δηδιτηκδτα
242 869 429 964 αδτσχειρίᾳ
455 870 630 955 μονονουχὶ
650 869 844 958 πειρώμενος
864 860 1030 954 φονεύειν,
1041 858 1140 945 χάριν

71 963 135 1048 uilo
151 975 185 1038 ἐν
204 969 312 1061 τούτῳ
332 973 582 1055 κατατιθέμενος
602 979 669 1047 τοῖς
691 968 749 1057 τήν
771 963 1015 1054 ἀρχιερωσύνην
1035 963 1138 1044 ἔγχει·

73 1071 181 1154 ρίιισιν,
204 1069 341 1152 αίμοισιν
361 1066 485 1151 ἀδίκοις
504 1073 650 1154 μολύνων
669 1071 727 1147 τὰς
747 1077 878 1154 χεῖρας,
911 1061 956 1148 μὴ
980 1065 1060 1146 ἐμοῦ
1081 1082 1139 1121 κν·

71 1173 283 1256 ισρηφίζεσθαι
303 1164 431 1236 ἀδικίαν
449 1173 505 1236 καί
524 1167 749 1256 δχνωμοσδνην
768 1172 844 1256 περὶ
861 1167 1016 1257 βασιλέα,
1046 1158 1139 1228 οῦδὲν

69 1257 117 1332 sire
146 1267 322 1354 πρότερον,
352 1263 424 1336 οὔτε
455 1271 555 1357 μέχρι
586 1275 646 1336 νῦν
682 1269 809 1350 α’νδξιον
844 1273 901 1355 τῆς
931 1270 976 1342 εἰς
1021 1265 1139 1330 ἐκεῖνον

42 1371 146 1452 wellet
178 1371 403 1454 εἰργασμένου.
444 1375 520 1456 περὶ
555 1373 615 1453 μὲν
655 1365 719 1440 orie,
741 1373 798 1455 τῆς
837 1373 882 1445 εἰς
917 1365 1051 1451 βασιλέα
1082 1355 1142 1423 καδ

61 1463 119 1542 nie
134 1471 258 1543 παῖδας
278 1470 359 1550 ἐμοῦ
379 1466 622 1554 εὐγνωμοσύνης
654 1465 743 1552 λδγον
771 1471 888 1534 aeteva
908 1463 989 1552 αρδς
1009 1464 1045 1527 σὲ
1066 1480 1138 1524 ποι-

58 1559 155 1648 ήσομαι
171 1570 257 1650 νυνί,
277 1566 429 1646 καθάπαξ
448 1565 509 1643 τοὶς
527 1571 648 1655 φρένας
668 1567 868 1655 διεφθορότα
889 1569 946 1630 καί
966 1555 1063 1628 δι’δικα
1082 1551 1139 1621 καὶ

57 1666 205 1751 παράνομα
236 1665 295 1732 καί
320 1669 449 1751 λέγοντα
481 1670 536 1732 καί
569 1664 796 1748 διανοούμενον
828 1666 904 1750 περί
933 1667 1035 1746 ἐμοῦ,
1066 1656 1138 1726 ἀλλ’
1243 1724 1252 1737 ,

55 1761 183 1850 ὕστερον,
205 1767 303 1852 ἡνίκα
325 1760 365 1832 δν
383 1765 478 1854 ἐθέλῃ
500 1762 585 1840 θεός.
630 1768 705 1849 περί
726 1768 761 1830 δὲ
783 1755 827 1830 ὧν
848 1762 995 1849 εἴρηκας,
1024 1761 1068 1838 ὥς
1089 1764 1144 1826 δεῖ

28 1867 200 1944 ιόβασιλίδος
220 1864 330 1951 ἱκέτην
352 1864 409 1930 καί
419 1864 620 1951 πατριάρχου
640 1866 801 1948 γενέσθαι,
826 1862 870 1937 ὥς
884 1857 924 1927 ἂν
944 1861 1162 1946 σαγχνιδμηνις

51 1963 276 2049 παρασχόμενοι
304 1962 455 2048 πρόνοιάν
485 1987 559 2028 τινα
593 1958 790 2046 ποιήσωνται
824 1963 902 2046 πρὶν
936 1956 1137 2026 παντάπασιν

49 2064 227 2150 δπσλίσθαι,
244 2065 345 2129 ἐκεῖνο
360 2059 510 2148 εὔκαιρον
522 2066 632 2144 εἰπεῖν,
652 2057 710 2143 ὅτι,
726 2057 773 2145 μὴ
790 2065 913 2126 κλαίετε
936 2060 1058 2142 ἐπ’ἐμδ,
1074 2061 1137 2122 δα-

48 2165 159 2248 ρασέρες
172 2161 398 2249 Ἰερουσαλήμ,
422 2158 677 2248 α’λλ“δφ’ἓαοτα“ς
691 2162 746 2226 καί
762 2159 817 2225 ini
829 2159 869 2228 τὰ
896 2163 991 2226 τέκνα
1011 2158 1137 2241 iper?

48 2259 114 2346 πρὸς
132 2267 193 2343 μὲν
226 2258 286 2326 οδν
312 2266 431 2328 ἐκεῖνον
462 2257 653 2344 δβοσιλεδς
680 2263 816 2326 τοιαῦτα
838 2261 1038 2345 δπεκρινατο.

21 2385 48 2428 το
116 2362 170 2443 ιγ’.
217 2359 296 2426 Ὑπδ
333 2363 370 2424 δὲ
399 2357 477 2435 τοδς
508 2357 626 2435 αδτοδς
645 2355 784 2444 χρόνους
821 2361 878 2424 καί
895 2359 932 2426 ἐκ
959 2359 1166 2436 Θετταλίαςα

47 2449 109 2541 ἧκον
125 2463 292 2546 πρέσβεις,
314 2461 481 2535 καλοῦντες
499 2459 634 2542 βασιλέα
656 2461 713 2523 καί
731 2456 876 2541 διόμενοι
897 2449 1010 2544 ἄρχειν
1030 2461 1135 2544 σφῶν.
1186 2442 1190 2450 ’

46 2557 91 2622 καί
107 2557 262 2646 πρότερόν
282 2583 317 2622 το
337 2556 400 2645 γὰρ
422 2558 543 2640 ἕτοιμοι
564 2552 646 2643 ἦσαν
665 2555 840 2622 δπακοδτιν
859 2561 917 2622 καί
944 2555 985 2622 ταὶ
1010 2557 1133 2621 ἐκείνου

44 2661 150 2736 μᾶλλον
175 2659 342 2746 ’ᾐραῦντο,
370 2653 393 2743 ἢ
418 2660 606 2742 βασιλίδος,
649 2658 706 2722 κατ’
733 2656 804 2726 τότε
831 2660 866 2724 δὲ
902 2651 1134 2742 ὁμονοήσαντας

44 2857 87 2910 tibi
105 2868 221 2930 possunt
241 2862 383 2912 occinere:
402 2859 537 2911 Msesrius
556 2876 606 2912 uos
628 2861 761 2932 reliquit,
778 2859 898 2932 diligens
911 2860 965 2914 boe
979 2860 1132 2924 saeculum,

43 2937 67 2980 et
83 2931 217 2999 prolectas
237 2939 279 2982 est
298 2929 528 2984 Thessalonicam.
571 2931 696 3001 Quorum
721 2939 748 2984 te
772 2948 922 2986 memorem
942 2949 1001 2984 esse
1020 2940 1133 3000 oporte-

43 2997 98 3060 bat,
116 3009 142 3052 et
160 3001 261 3056 horum
278 3002 370 3062 simul,
384 3018 455 3072 quae
476 3017 549 3052 nnuc
568 3003 743 3054 sceleratiora
753 3003 894 3074 magisque
914 3003 997 3071 impia
1016 3019 1072 3053 uon
1085 3017 1131 3052 re-

43 3071 181 3124 surmislas:
215 3071 283 3122 dum
309 3087 372 3133 me,
398 3074 447 3140 qui
475 3072 543 3122 laesi
568 3074 726 3136 nerninem,
753 3080 858 3126 tantum
885 3088 942 3126 nou
970 3087 1020 3142 per
1046 3077 1133 3122 temet

49 3140 145 3193 tonans
171 3140 299 3194 occidere
322 3141 430 3212 (dignes
455 3141 587 3193 videlicet
616 3145 668 3194 isto
702 3142 784 3192 morlo
816 3141 914 3210 gratias
941 3145 1062 3195 reterens
1086 3141 1132 3202 iis,

42 3211 83 3282 qui
101 3211 291 3284 episcopatum
310 3212 362 3263 tibi
381 3210 588 3280 mandaverunt)
597 3220 625 3263 et
643 3210 749 3264 nefarie
771 3215 857 3265 effuso
878 3214 1008 3282 sanguine
1035 3227 1130 3262 manus

41 3287 93 3332 tuas
110 3283 264 3335 scelerare:
283 3282 322 3334 ita
342 3299 386 3334 me
405 3283 527 3352 ingratae
547 3290 575 3333 et
596 3281 738 3352 improbae
764 3281 793 3332 in
812 3285 1006 3351 imperatorem
1031 3281 1130 3333 volun-

42 3353 98 3403 tatis
122 3370 178 3404 non
210 3369 384 3414 aecusssses,
421 3355 470 3424 qui
496 3351 573 3404 nihil
601 3369 723 3424 unquam
748 3351 807 3404 eius
836 3352 958 3404 amicilia
986 3349 1130 3418 indignum

40 3423 195 3492 perpetrari.
234 3423 274 3474 De
301 3439 363 3475 mea
388 3425 471 3490 igitur
492 3421 521 3472 in
548 3421 627 3475 illum
647 3431 675 3474 ct
693 3422 796 3474 liberos
817 3423 877 3475 eius
898 3421 1003 3492 pietate
1020 3419 1129 3473 nullum

42 3507 107 3543 aune
125 3499 215 3545 tecum
235 3493 321 3545 semel
340 3493 487 3562 depravato
506 3507 537 3544 sc
556 3492 590 3545 de
609 3509 653 3545 me
676 3495 792 3560 pessime
811 3493 985 3544 existimante
1010 3492 1129 3559 loquen-

43 3569 117 3632 teque
147 3563 264 3616 verbum
289 3564 477 3616 commutabo:
507 3562 556 3614 sed
574 3580 636 3615 eom
662 3565 737 3615 Deus
766 3563 897 3620 voluerit,
931 3559 1015 3629 Quod
1036 3569 1129 3613 nutem

42 3633 152 3686 iniecisti
179 3633 210 3686 in
241 3651 384 3696 sermone,
408 3642 535 3706 oportere
559 3650 603 3684 me
636 3633 802 3703 imperatrici
822 3649 854 3685 ac
871 3629 1043 3702 patrias-chae
1061 3648 1129 3699 sup·

42 3701 145 3768 plicare,
164 3711 205 3766 ut,
225 3702 287 3758 data
306 3705 488 3762 renla,salnti
510 3718 586 3756 meae
603 3713 776 3775 prospectum
793 3702 891 3766 velint,
912 3700 982 3754 illud
1002 3701 1128 3769 apposite

42 3774 228 3840 responderim.
257 3775 343 3828 Filiae
361 3775 542 3838 Hierusalem,
571 3771 661 3826 nolite
686 3775 751 3828 llere
777 3790 860 3842 snper
885 3787 943 3824 me:
973 3771 1022 3824 sed
1045 3787 1129 3839 snper

40 3859 81 3922 pu
104 3845 175 3912 ipsas
205 3845 269 3898 llete
296 3855 324 3898 et
348 3861 430 3914 super
458 3845 529 3898 filios
552 3854 665 3898 vestros.
709 3845 785 3896 llaec
808 3845 844 3896 ad
867 3843 1016 3896 Maeotium
1037 3857 1128 3894 eoram

41 3927 71 3962 sm
91 3923 187 3974 erator,

73 3931 146 4043 Pii.
181 3985 239 4037 Sub
259 3985 332 4036 idem
352 3993 459 4055 ternpus
484 3984 567 4036 etiam
589 4002 604 4036 e
624 3984 766 4036 Thessalia
786 3983 870 4054 legali
888 3999 950 4034 eum
970 3982 1053 4036 adse
1076 3997 1128 4037 ro·

42 4061 96 4103 aaut
113 4063 140 4106 rt
161 4065 259 4119 orant,
288 4065 318 4107 ut
337 4057 389 4108 sibi
416 4057 534 4124 praesit:
560 4071 624 4104 nam
652 4064 679 4106 et
707 4064 786 4106 antea
815 4055 875 4106 eins
902 4055 1016 4122 potius,
1042 4069 1127 4124 quam

42 4126 168 4192 Augustae
187 4135 277 4196 partes
296 4127 433 4194 amplexi,
461 4127 613 4195 principem
631 4142 710 4176 snum
730 4141 789 4175 esse
814 4123 979 4194 cupiebant,
1008 4133 1037 4176 et
1059 4132 1126 4175 lune

43 4197 204 4249 concorditer
223 4199 379 4261 mittentes,
401 4197 434 4248 οδ
453 4196 636 4264 gubernacula
659 4195 783 4248 eumdem
803 4196 966 4247 invitabant
1004 4196 1126 4263 Impere-

43 4267 80 4315 λοι
96 4283 156 4318 eum
175 4285 224 4342 pro
243 4270 329 4322 reteri
348 4267 560 4331 benevolentia,
583 4275 642 4320 tour
661 4265 737 4336 quod
755 4281 829 4320 nurse
849 4267 922 4320 ultro
941 4267 1015 4319 eise
1034 4263 1126 4320 subli-
