2976 4954
97 2593 154 2636 'ten
181 2587 220 2640 De
239 2607 321 2642 muro
342 2586 419 2656 fiunt
439 2589 572 2655 conuicia
591 2589 809 2640 cantacueenot
839 2589 1051 2642 conviciatore

522 333 630 400 mont
658 339 716 401 ιιι.
1154 309 1179 395 5

105 493 280 568 disipitsntttr3
308 503 409 544 eorum
424 490 593 544 inmensitas
610 493 776 564 replicatur.
815 493 923 558 Contra
943 507 1004 549 eum
1023 511 1103 550 socer
1122 499 1182 550 An·

108 558 406 618 momentaneam
423 558 567 633 deligitur.
606 564 739 619 Vastatttr
754 565 915 632 provincia.
946 567 974 620 Ε
992 566 1181 622 Zernomiano

111 629 360 706 praedatoruspted
370 628 593 698 Didymots'chum
613 631 800 688 trucidantur.
838 633 1181 706 Adrianopolimlmpera·

116 717 160 756 tor
186 701 263 757 tendit
306 701 453 755 Pincerna
478 701 623 773 Pamphilo
655 705 816 757 accersitur.
864 704 974 757 ilehrus
1004 709 1181 776 congelascit.

122 772 324 842 captantum
352 772 452 826 scelus.
489 772 621 840 Byzantii
640 773 851 827 Cantacueenus
868 777 1063 828 contumeliose
1085 774 1181 829 admo·

124 840 181 896 duta
195 859 233 910 pet
249 857 297 894 era
321 839 493 896 traducitur·
526 848 551 896 A
566 842 733 913 patriarcha
752 843 981 896 anathematismo
996 846 1183 914 percellitur:

127 914 291 982 inpatmcem
311 923 345 964 et
368 911 520 964 archontas
538 911 659 965 honorat
676 913 742 1034 (δῖ
781 913 882 966 tribas
900 913 1068 984 praefectis,
1084 933 1113 970 se
1135 933 1182 969 ce-

127 983 291 1036 lsasttolette
303 980 482 1050 terentibus,
490 981 603 1053 jactum
620 999 699 1035 suum
731 982 861 1036 ehahitu
879 995 908 1036 et
932 985 1042 1038 nomine
1060 986 1184 1057 Impera-

127 1054 179 1104 tsn's
187 1052 296 1122 prahsrs
315 1049 470 1106 contendit.
501 1052 611 1122 Syrges,
628 1051 779 1106 Pherarum
795 1055 964 1126 praefectus,
982 1056 1044 1108 eius
1060 1053 1132 1107 bona
1143 1053 1185 1108 sd

122 1125 246 1176 naneae
284 1122 668 1185 Protostramrimmutatus,
690 1123 916 1178 Thessalonicam
932 1122 1101 1178 traditurum
1115 1143 1184 1195 pro·

121 1192 192 1244 nt'ttit
216 1193 339 1254 Chreles,
352 1190 473 1260 dynasta
484 1191 638 1256 trebatius,
655 1191 695 1245 ad
702 1189 871 1247 occidentem
882 1194 999 1256 invitat,
1019 1211 1094 1264 opem
1105 1213 1183 1246 suam

119 1260 219 1329 qoam
251 1263 390 1323 Vincunt,
401 1263 494 1336 quiin
505 1259 624 1318 consilio
635 1265 716 1332 prius
729 1261 910 1326 occidentem,
929 1280 1012 1334 quam
1019 1268 1185 1332 Byzantium

114 1330 238 1399 emendum
262 1331 390 1385 sentiunt
413 1333 479 1400 (hei
517 1333 730 1386 Canescuaenus
752 1351 864 1387 uxorem
884 1353 944 1389 eum
954 1334 1074 1406 filiabus
1090 1332 1183 1401 Didy-

117 1401 212 1455 ssctichi
233 1403 391 1474 relinquit,
416 1401 481 1456 urhi
506 1415 534 1458 et
557 1402 689 1456 saturato
706 1403 863 1472 praefectos
880 1402 930 1456 dat
948 1421 1007 1457 cum
1024 1403 1184 1474 praesidiis.

116 1471 174 1523 hero
188 1473 329 1526 esstellum
346 1473 377 1524 in
393 1473 515 1542 gratim
532 1472 730 1526 monachorum
747 1474 822 1526 intus
840 1472 996 1544 degentium
1015 1476 1075 1528 sins
1088 1477 1121 1526 ui
1134 1492 1184 1527 ca·

113 1541 183 1608 ptus.
222 1542 346 1594 Batstes‘s
371 1543 455 1595 umor
477 1545 507 1595 in
525 1542 696 1611 imperatore
720 1542 919 1616 persequendo·
959 1545 1185 1614 Anastasiopolis

116 1605 177 1664 dicte
192 1611 222 1662 ah
242 1610 407 1665 Andronico
425 1613 536 1666 iuniore
552 1611 756 1666 Peritheorium
773 1611 923 1667 obsidetur.
958 1615 1085 1667 Batatsis
1107 1631 1185 1668 men·

116 1677 208 1732 dacium
221 1681 288 1750 (32)
331 1681 462 1751 Epistola
485 1683 677 1735 Centacuseni
694 1679 733 1733 ad
748 1683 954 1754 patriarcham,
980 1701 1083 1753 quase
1105 1684 1185 1754 pacis

114 1747 295 1817 cupidissimum
303 1749 483 1803 demonstrat.
521 1752 697 1804 Tabellarius
714 1767 826 1805 carcere
838 1755 981 1808 multatur·
1017 1753 1185 1823 imperatrice

114 1817 206 1882 [enims
221 1823 279 1876 suis
298 1821 528 1874 Cantacutenum
547 1834 663 1874 excusat
683 1839 718 1877 ae
734 1819 859 1892 defendit
875 1821 964 1894 deque
982 1839 1015 1876 eo
1029 1823 1184 1894 honorifice

116 1888 224 1958 bamur.
254 1892 420 1946 Resciscam
444 1887 477 1942 id
501 1891 699 1958 Apocauchus,
730 1893 893 1944 coniuratos
917 1909 1000 1963 super
1027 1894 1185 1946 imminente

121 1959 220 2024 petissio
240 1973 344 2014 monet.
380 1961 556 2028 imperatrici
584 1961 769 2014 iuramentum
793 1959 919 2016 indicere
946 1973 1090 2024 statuunt,
1117 1965 1187 2026 ipsit

125 2027 247 2084 ”baulos
262 2029 298 2084 de
313 2046 386 2100 pace
404 2028 478 2082 nihil
494 2041 666 2084 tentaturam
678 2025 747 2098 (33)
790 2028 872 2097 Apud
881 2047 941 2084 eam
962 2029 1097 2084 adversus
1111 2032 1187 2082 Can-

125 2105 252 2153 ttenuau
271 2111 369 2171 agunt
384 2098 506 2162 acriter,
528 2100 691 2168 praesertim
706 2098 881 2168 patriarcha·
920 2099 1003 2152 iurat
1017 2113 1045 2152 st
1065 2099 1115 2152 diu
1132 2118 1187 2152 no-

123 2173 200 2233 dtettt
217 2187 264 2239 per
290 2169 461 2222 coniuratos
482 2181 509 2226 et
521 2170 648 2242 famulos
661 2165 833 2228 custoditur,
855 2167 970 2238 quihus,
988 2182 1019 2220 ut
1032 2167 1110 2222 dieta
1126 2171 1187 2222 eius

119 2235 232 2302 testeam,
253 2257 361 2294 aurum
384 2235 480 2292 datur.
527 2239 740 2292 Cantacusenus
758 2255 772 2292 e
791 2252 881 2292 monte
905 2239 972 2291 Atho
989 2237 1186 2292 monachorum

117 2307 275 2364 minimos
285 2319 402 2369 euocat,
420 2325 539 2381 quornm
549 2309 717 2363 existimatio
732 2309 906 2378 imperatrici
917 2326 1014 2378 pacem
1022 2305 1187 2380 persuadet:

116 2372 154 2427 tel
167 2379 295 2462 relipione
316 2398 337 2432 a
360 2380 559 2449 compositione
586 2378 736 2447 impeditur
753 2377 822 2448 (hh).
870 2378 1040 2432 Patriarcha
1064 2391 1090 2434 et
1116 2379 1188 2430 socii

116 2447 232 2500 maacha
248 2453 438 2502 irascuntur.-
461 2450 537 2501 inter
556 2465 602 2502 sos
617 2448 742 2518 conflare
760 2445 918 2501 discordias
930 2448 1060 2502 student:
1081 2451 1188 2520 primo·

113 2512 377 2572 nsdsuiterhahent.
413 2521 652 2588 Aprotostratore
669 2517 793 2592 nuntius.
828 2517 1029 2572 Peritheorium
1043 2535 1188 2640 oppupbsa·

1092 2605 1124 2641 eo
1146 2604 1187 2640 em

109 2653 244 2712 christiane
260 2661 412 2728 accipitur.
449 2655 590 2727 Oppidani
599 2659 719 2710 consilio
737 2658 866 2726 perversi
880 2660 1001 2711 hominis
1017 2655 1187 2710 deditionem
1247 2648 1250 2656 ’

1 2749 2 2754 ,
108 2736 255 2780 mmm,
291 2729 358 2798 Inep.
376 2727 601 2782 Thessalonicam
622 2727 681 2780 alsit
696 2727 760 2797 (35)
805 2727 938 2791 loannes,
966 2726 1125 2781 Andronici
1147 2726 1188 2797 s·

106 2795 162 2856 lius,
176 2795 337 2852 adolemus
354 2797 489 2865 Byzantii
501 2811 663 2851 coronatur.
687 2797 837 2850 Coniurati
846 2797 1031 2868 dignitatibus
1039 2809 1188 2850 ornantur.

106 2863 278 2920 tartareae
287 2869 396 2937 J'astut.
446 2865 626 2936 Apocauchus
644 2884 773 2918 summum
801 2869 945 2936 imperium
969 2869 1025 2920 sihi
1054 2879 1187 2936 arrogat.-

104 2936 264 3010 propinquos
298 2939 491 2990 Cantacuteni
526 2937 652 3004 iugulat:
679 2939 740 2988 eitts
768 2949 881 2989 matrem
902 2939 934 2989 in
959 2954 1072 2991 carcere
1101 2951 1187 3006 usque

105 3002 139 3054 sd
152 3023 265 3060 scortea
288 3009 452 3060 saevissime
471 3005 593 3075 affligit:
618 3024 700 3076 quam
721 3007 870 3059 miseratur
887 3009 1060 3075 imperatrix.
1098 3007 1187 3060 Theo·

104 3069 190 3138 dorae,
206 3076 318 3130 sororis
341 3076 500 3130 Andronici
521 3077 645 3129 iunioris
662 3073 768 3128 viduae
791 3089 818 3130 st
844 3075 1015 3140 monachae,
1040 3078 1071 3128 in
1102 3075 1188 3128 mari·

106 3141 215 3198 lundam
238 3159 265 3199 et
285 3157 422 3200 mortuam
445 3145 558 3199 caritas.
601 3148 737 3198 lnventoe
750 3147 886 3215 pecuniae
904 3145 1068 3216 magnitudo
1082 3161 1109 3200 et
1127 3145 1188 3197 dis-

1 3275 2 3278 *
103 3215 219 3268 nihuts'o.
260 3217 363 3269 Grauis
386 3217 417 3268 in
436 3217 659 3271 Cantacueenutn
675 3217 830 3270 calumnia.
868 3218 972 3270 Contra
988 3216 1102 3270 eundem
1114 3219 1188 3284 Apo·

105 3285 219 3338 cauchas
240 3287 354 3339 classem
374 3287 406 3336 in
421 3284 590 3339 occidentem
610 3297 694 3348 parat
717 3286 785 3354 (³6).
823 3286 927 3358 Syrges
948 3288 1053 3340 itinera
1073 3285 1189 3340 lhessa·

1 3395 2 3400 .
104 3351 216 3408 ὶοσιίωι
230 3353 360 3409 obsidens
376 3354 529 3409 deluditur.
563 3356 719 3424 Polystylus
735 3356 866 3410 munitur.
902 3357 1190 3410 Protostratoritmo·

106 3425 217 3479 cilicet
243 3424 352 3479 chrotta
372 3426 524 3495 responsio.
564 3425 743 3494 imperatoris
756 3428 913 3495 angustiae.
949 3427 1064 3496 Ssrges,
1089 3427 1189 3478 Mono-

106 3493 208 3548 nactos
233 3509 261 3548 et
280 3497 425 3566 episeopus
447 3496 678 3563 metropolitanus
701 3493 742 3548 ad
766 3507 859 3548 castra
884 3495 1076 3550 Cantacuasni
1093 3495 1189 3565 euplo·

106 3577 205 3618 ratores
231 3567 354 3618 mittunt.
396 3569 450 3620 Fer
467 3566 577 3619 litteras
594 3562 634 3616 ad
648 3581 693 3620 eos
711 3563 793 3618 datas
818 3583 896 3618 tuam
917 3566 1108 3618 innocentiam
1131 3577 1191 3618 tue·

107 3643 163 3686 tur.-
181 3633 217 3688 de
241 3635 396 3688 iuramenti
415 3637 508 3690 causis
530 3634 660 3687 disserit:
682 3655 727 3690 eos
751 3635 938 3704 improbitatis
954 3635 1099 3688 convincit
1122 3633 1189 3703 (37).

106 3701 267 3760 Helenicum
295 3705 507 3758 Cantacuaenut
526 3716 652 3770 occupat.
690 3704 844 3759 Chreliseae
860 3702 1019 3775 formidine
1035 3705 1191 3760 cunctatiot

106 3773 157 3826 eius
185 3771 314 3828 aduentu
343 3778 483 3827 exercitus
514 3775 647 3826 laetatur·
695 3775 910 3830 Protcrtratoris
943 3791 1045 3845 anceps
1073 3778 1192 3827 animus.

4 3900 8 3909 ¹
108 3841 316 3898 lhessalonieae
342 3845 505 3898 Zelotarum
528 3849 577 3912 (ea
595 3857 657 3896 erat
667 3843 763 3916 fictio
785 3845 965 3914 Palasologi)
988 3842 1113 3968 'ffnda
1133 3861 1192 3896 sce·

1020 3931 1037 3966 a

105 3909 165 3964 iera
194 3915 391 3968 Protattrator
404 3929 465 3964 cum
485 3915 660 3985 optimatibus
668 3917 803 3988 sagatus,
824 3931 921 3985 agrum
933 3933 988 3986 pop
1039 3929 1094 3968 tur.
1120 3913 1194 3966 Can·

107 3986 229 4037 tscauni
242 3984 375 4054 afflictio.
412 3985 566 4050 Byzantini
588 3983 814 4038 Thessalonicam
831 3986 939 4056 magnit
959 3987 1048 4048 copiis
1070 3981 1194 4052 ingredi·

107 4065 191 4107 tatur.
229 4055 296 4108 Cum
315 4052 446 4108 exulibus
470 4056 641 4107 consultatio
662 4055 730 4123 (38).
767 4056 810 4126 ln,
823 4057 958 4108 concione
977 4052 1112 4108 dicendae
1130 4071 1195 4106 sen·

107 4123 204 4206 tentiae
222 4129 327 4197 cuique
341 4123 384 4197 stt
403 4135 534 4194 potestas.
569 4125 642 4177 Aliis
661 4124 912 4186 terciversantibus
930 4125 1084 4226 imperator
1108 4123 1196 4245 Thou:

106 4190 1195 4338 &thehillathi‘hftsszl‘hhhlthhtht‘tholel.
