2926 4940
304 299 385 404 134
693 320 978 391 uinulentum

150 485 441 564 λαιδλιοικοῦντα
462 477 615 564 θυγατρί,
645 477 750 556 οὐδείς
770 478 880 563 ἅγνοεῖ
902 477 1017 562 δήπου.
1063 469 1140 542 ὅθεν
1158 469 1226 540 οὔδ’
1254 475 1377 562 ἔξαρνοί·

298 587 380 650 σθαι
412 579 452 646 τὰ
482 583 559 643 πᾶσι
580 577 705 664 φανερὰ
733 582 889 665 προσῆκον
908 571 1028 662 ἥγημαι
1047 577 1126 658 ἐμοί.
1168 567 1300 658 εὔδηλον
1319 570 1381 656 osis,

299 681 353 762 uic,
375 680 493 745 ἐκείνου
514 675 770 763 κατωρθωκότος,
792 674 816 741 δι’
836 677 1020 758 διανοεῖται,
1040 671 1191 758 βασιλευς
1204 675 1265 754 μὲν
1276 674 1382 748 ἐκεῖνος

298 777 389 845 ἔσται
409 780 467 842 καί
486 775 630 858 βασιλίδι
649 779 689 863 τῇ
709 775 771 864 ἐμῇ
790 773 932 860 θυγατρί
950 775 1123 857 συνοικῶν,
1146 771 1207 857 ἐγώ
1229 773 1266 837 δὲ
1286 770 1380 854 πατὴρ

201 879 458 961 mundanalium
477 878 534 940 καί
552 873 611 960 τὴν
630 870 735 962 ἆρχην
757 872 1029 960 συμμεριζδμενος
1059 868 1168 950 αὐτοῖς
1195 875 1252 936 καί
1270 873 1322 936 ἐπί
1333 871 1399 951 pti-5

299 1001 342 1063 γα
372 971 457 1060 ἥκων
487 978 543 1040 καί
573 971 666 1059 δόξης
686 971 742 1038 καί
759 969 895 1038 πλούτου
917 976 974 1038 καί
991 973 1210 1059 περιφανείας.
1251 967 1330 1034 α’λλοὶ
1348 965 1383 1034 τὰ

298 1072 430 1160 λαμπροὶ
453 1078 558 1139 ταῦτα
577 1077 634 1138 καί
654 1071 773 1155 σεμνοὶ,
802 1069 882 1159 ἅπερ
903 1067 999 1160 ἑτέρην
1021 1075 1117 1137 παντί
1133 1095 1178 1135 τω
1196 1061 1333 1156 ἤρκεσαν
1350 1061 1385 1131 ἐν

300 1177 346 1253 είς
369 1171 534 1257 εὐδοξίαν,
554 1171 630 1254 ἐμοὶ
647 1176 713 1239 τῶν
733 1169 897 1258 παρόντων
919 1171 1091 1236 ἀποδέοντα
1112 1171 1262 1258 φαίνεται
1282 1167 1384 1254 πολλῷ.

269 1277 339 1360 οτῇ
365 1271 428 1360 γὰρ
458 1275 503 1348 τίς
530 1273 681 1356 βασιλέας
712 1272 817 1361 ειῗνοίρι
850 1273 906 1337 καὶ
932 1275 1038 1337 πίστει
1062 1273 1191 1356 καθαρᾷ
1213 1269 1249 1332 ἐκ
1271 1263 1386 1354 προέιης

299 1371 425 1460 ἡλικίας
453 1369 664 1459 συντραφείς,
697 1373 817 1453 μᾶλλον
848 1367 888 1437 ἐν
929 1373 1102 1456 βουλοίμην
1133 1371 1265 1444 ἐκείνοις
1293 1365 1417 1432 ουνώιιο

303 1479 525 1558 κακοπραγεΐν,
545 1464 565 1556 ἢ
584 1479 650 1548 τοίς
671 1471 915 1554 ἐπιβουλεύουσι
928 1473 1162 1556 προσθέμενος,
1184 1469 1251 1532 τῶν
1264 1465 1388 1560 πρώτων

300 1574 401 1652 τιμῶν
434 1573 489 1635 καί
517 1573 645 1655 δωρεῶν
672 1573 746 1656 παρ’
778 1573 907 1648 ἐκείνοις
936 1568 1121 1635 ἀπολαύειν.
1159 1565 1237 1654 περί
1263 1569 1322 1648 μὲν
1341 1557 1390 1628 οὖν

307 1672 367 1736 τοῦ
392 1665 530 1754 μεγάλου
558 1669 743 1750 δομεστίκου
776 1663 838 1734 ὅσα
868 1691 903 1735 τε
932 1666 1115 1757 πατριάρχη
1144 1669 1287 1741 καὶτοῖς
1314 1668 1390 1747 ἐμοίς

309 1767 461 1854 ἀδελφοῖς
480 1769 537 1834 καί
561 1776 628 1844 τοῖς
647 1761 754 1843 ἄλλοις
775 1766 920 1853 εἴρηται,
948 1763 1049 1833 πάντα
1069 1764 1200 1832 σύνοιδα
1221 1765 1267 1841 αἱς
1288 1763 1390 1848 ἀληθῆ,

307 1871 365 1934 καί
381 1869 455 1951 περί
475 1862 602 1941 οδδενός
620 1863 745 1931 ἐκείνων
764 1868 801 1931 σὲ
821 1867 979 1951 προσῆκον
999 1863 1223 1952 ἄμφιβοίλλειν,
1249 1853 1420 1944 ἄλλ’ἐμοίΙΕ

295 1969 484 2032 πείθεσθαι
498 1963 600 2030 πάντα
619 1957 759 2051 οἷκριβοῗς
778 1965 986 2054 ἐπισταμένῳ.
1028 1966 1060 2028 εἰ
1075 1965 1112 2030 δέ
1129 1989 1180 2030 σοι
1200 1964 1306 2030 ταῦτα
1324 1959 1392 2046 πρὸς

213 2069 242 2126 Ρ.
256 2065 469 2144 διθδιιόδειξιν
488 2068 553 2131 τῶν
573 2066 746 2151 εἰρημένων
773 2064 895 2148 α’σθενῆ
917 2066 1022 2146 δοκεῖ,
1052 2063 1122 2128 a'tt’
1142 2061 1243 2128 ἐκεῖνό
1272 2087 1309 2129 σε
1335 2085 1393 2124 πει-

309 2169 396 2232 θέτω
422 2162 551 2240 πάντως
579 2159 615 2228 τὸ
641 2159 688 2246 μὴ
717 2161 832 2249 μέτριοί
853 2187 924 2228 τινα
944 2165 1020 2249 περί
1038 2166 1101 2227 σοῦ
1120 2164 1176 2228 καί
1193 2167 1263 2227 τοῖν
1283 2163 1392 2225 παίδων

306 2265 366 2331 τδν
392 2255 562 2348 ἅνθρωποι
592 2261 800 2328 διανοεῖσθαι.
840 2265 901 2327 eoi
922 2261 984 2348 γάρ
1006 2265 1081 2348 πρίν
1107 2263 1239 2328 ἐνθένδε
1259 2255 1393 2326 ἐπελθεῖν

307 2361 367 2450 τὴν
386 2364 552 2447 θυγατέρα
578 2360 623 2448 τῷ
643 2365 693 2450 opi
713 2358 774 2450 υἱῷ
794 2358 850 2425 καί
867 2365 997 2443 βασιλεῖ
1013 2359 1093 2445 πρὸς
1112 2357 1216 2443 γάμου
1242 2357 1421 2425 κοικωνίονιο

308 2461 478 2529 συνάπτειν
498 2458 814 2544 καταναγκαζούσης,
848 2461 905 2525 οδκ
925 2461 1079 2546 ἠθέλησεν
1098 2463 1234 2540 ἐκείνας,
1272 2463 1339 2525 ἀλλ’
1358 2459 1393 2531 εἷς

309 2559 368 2648 την
387 2563 422 2627 ἐκ
436 2563 491 2645 τῆς
511 2554 648 2645 ἑσπέρας
668 2554 823 2624 ἐπάνοδον
844 2553 1033 2642 ἀνεβάλλετο
1054 2556 1111 2644 την
1133 2563 1262 2642 πρᾶξιν.
1304 2556 1391 2643 riegri-

309 2683 380 2728 νετο
399 2657 461 2747 γὰρ
485 2655 564 2743 μετὰ
586 2655 741 2733 τοσαύτας
761 2659 939 2739 ἀποδείξεις
958 2661 1012 2746 τῆς
1038 2660 1083 2734 είς
1103 2659 1221 2723 ἐκεῖνον
1242 2659 1394 2741 εὐμενείας

399 2836 424 2890 5.
443 2833 707 2908 συμμετριζόμενος
724 2835 751 2888 Ρ.

312 2999 395 3038 nemo
414 2984 512 3053 ntique
534 2982 648 3050 ignorat
684 2983 764 3036 Unde
788 2998 861 3054 quae
888 2983 1017 3036 omnibus
1041 2991 1107 3035 nota
1130 2991 1209 3049 sunt,
1234 3003 1335 3057 negare
1360 2999 1396 3037 ns

314 3071 372 3108 nou
390 3053 478 3106 decet.
513 3051 690 3106 Manifestum
709 3061 752 3106 cst
768 3053 874 3125 itaque,
889 3055 929 3118 si,
952 3051 1026 3125 quod
1045 3055 1130 3125 cupit,
1146 3056 1219 3108 bene
1236 3057 1397 3128 processerit,

315 3125 396 3176 illum
415 3123 628 3194 imperatorem,
653 3132 762 3194 gnatam
785 3141 874 3176 meum
898 3125 1120 3194 imperatricem,
1143 3142 1188 3179 me
1213 3125 1397 3199 imperatorum

313 3203 422 3267 patrem
442 3195 552 3264 imperii
571 3203 724 3247 consortem
743 3201 773 3246 ct
788 3194 891 3246 illustri
908 3195 1010 3264 gloria,
1027 3196 1132 3264 maguis
1150 3198 1251 3268 opibus
1268 3215 1301 3250 ac
1318 3201 1398 3269 splen·

316 3265 384 3318 dore
403 3264 538 3324 futurum,
571 3266 658 3334 Atqui
676 3281 725 3336 ego
744 3266 884 3318 claritates
907 3267 973 3318 istus
995 3273 1024 3318 et
1042 3273 1170 3334 augustos
1194 3264 1333 3332 bonores,
1356 3265 1398 3338 qui

316 3336 403 3388 cuivis
431 3335 512 3388 alteri
545 3333 581 3386 od
608 3336 796 3389 celebritatem
820 3335 990 3397 sufficerent,
1016 3334 1069 3388 boc
1088 3353 1179 3390 rerum
1205 3347 1279 3392 statu
1302 3353 1398 3410 nequa-

316 3423 401 3477 quam
419 3405 567 3460 convenire
585 3405 711 3460 arbitror.
747 3406 816 3457 Nam
835 3412 896 3458 dum
914 3424 929 3458 n
949 3407 1036 3476 prima
1053 3413 1144 3460 aetate
1161 3407 1216 3462 lide
1243 3427 1300 3463 non
1318 3410 1398 3462 sumtu

225 3535 226 3540 Ἰ
316 3477 531 3547 imperatoribus
562 3474 727 3540 studuerim,
762 3477 854 3530 malim
885 3477 942 3528 illis
969 3475 1145 3530 adhaerendo
1176 3479 1206 3530 in
1228 3480 1349 3533 miserias
1375 3483 1398 3528 et

317 3561 462 3600 aerumnas
488 3545 627 3610 incidere,
651 3563 734 3617 quam
755 3563 817 3598 cum
834 3546 1046 3600 insidiatoribus
1073 3546 1200 3604 faciendo
1228 3552 1399 3620 amplissimos

316 3615 437 3669 bonores
455 3625 485 3669 et
501 3617 576 3670 dona
602 3617 726 3686 adipisci.
761 3619 803 3670 ile
823 3632 919 3686 magno
939 3620 1033 3688 itaque
1052 3617 1204 3674 domestico
1222 3638 1295 3692 quiae
1312 3628 1339 3672 et
1356 3633 1399 3686 pa-

317 3687 438 3739 triarcba
457 3696 485 3740 et
507 3689 604 3740 iratres
623 3689 678 3740 mei
697 3696 726 3740 ct
751 3688 799 3739 stit
817 3688 904 3740 locuti
930 3696 1010 3752 sunt,
1036 3691 1129 3740 omnia
1149 3699 1222 3743 certa
1248 3707 1306 3744 esse
1333 3689 1399 3750 seio;

319 3763 350 3808 et
365 3762 394 3808 te
417 3757 489 3810 nihil
515 3774 610 3810 vocare
636 3759 667 3811 in
691 3756 826 3822 dubium,
851 3759 900 3811 sed
924 3759 1011 3823 mibi,
1039 3769 1071 3811 ut
1093 3761 1143 3829 qui
1167 3763 1275 3829 singulo
1299 3761 1399 3830 penitus

321 3826 462 3888 noverim,
483 3828 564 3880 iidem
581 3827 731 3898 adiungere
757 3845 805 3898 pos
826 3837 876 3880 est
914 3828 998 3896 Quod
1018 3829 1042 3881 si
1070 3830 1136 3881 baec
1160 3829 1194 3882 asl
1222 3831 1400 3884 demonstran·

322 3893 385 3947 dam
405 3899 548 3949 veritatem
568 3898 673 4021 infippns
700 3898 841 3951 sidenturs
869 3905 897 3949 st
921 3899 994 3950 illud
1014 3897 1067 3952 tibi
1092 3901 1205 3953 omnino
1231 3900 1400 3972 persuadent,

317 3963 459 4018 homiuem
480 3977 605 4037 superte
645 3971 744 4040 liisque
769 3974 824 4020 tuis
843 3969 879 4020 nli
902 3969 949 4020 uid
971 3971 1086 4022 monstri
1105 3971 1186 4028 olere.
1222 3972 1328 4027 Etenim
1345 3983 1401 4020 eum

318 4042 350 4086 tu
371 4036 423 4088 sub
444 4036 593 4091 discessum
612 4039 645 4090 sle
664 4042 721 4092 lilia
740 4041 846 4107 ipsius,
871 3987 930 4090 siiio
953 4047 1002 4094 tuo
1021 4041 1180 4108 imperatori
1201 4039 1400 4112 despondcndt‚

320 4121 385 4158 eum
405 4121 529 4172 urgeres,
555 4111 647 4162 noluit
668 4127 780 4181 remque
805 4111 834 4160 in
860 4109 978 4162 reditum
997 4127 1074 4163 suum
1092 4111 1127 4163 ub
1148 4113 1290 4166 occidente
1306 4110 1400 4163 reiecit·

319 4175 510 4229 Erubeseebut
535 4179 607 4230 enim
628 4189 690 4248 post
708 4189 748 4233 tot
766 4191 923 4246 argumenta
943 4189 1010 4234 tuae
1026 4183 1057 4233 in
1075 4199 1104 4236 ss
1122 4191 1177 4234 tum
1194 4187 1294 4236 effusae
1313 4181 1401 4232 volun-

320 4245 389 4306 tatis
407 4244 495 4303 bostis
518 4263 650 4323 apparere
670 4249 889 4320 intensissimus,
916 4255 945 4313 sl
968 4253 1014 4310 cut
1041 4254 1125 4325 paulo
1150 4261 1215 4310 nuto
1242 4262 1346 4326 gnatam
1370 4244 1401 4298 *d
