2926 4940
333 333 413 392 tta
731 329 1012 400 CANTACUZENI

179 486 366 574 tlt-stitdrj
389 479 454 554 οὔτ’
475 487 549 569 ἐμοὶ
570 485 713 572 πράσον,
747 478 813 554 ούτ·
832 489 961 564 ἐκεινοις
982 483 1091 568 οἴομαι
1111 492 1287 554 λυσιτελεῖν.
1326 481 1391 554 ieet

329 589 402 654 δέον
420 585 498 672 πρὸς
518 595 583 664 τοῖς
603 583 727 668 ἐτεσιν,
748 578 795 662 οἷς
815 585 990 671 εἴργονται,
1011 585 1067 650 καί
1087 583 1192 669 ύλίγον
1210 586 1281 651 τινά
1299 588 1393 671 χρόνον

329 689 595 774 διακαρτερῆσαι,
616 686 728 770 καίπερ
750 679 959 767 άνιωμένους,
982 678 1077 770 άχρις
1106 677 1145 749 de
1172 689 1251 750 θεοῦ
1278 685 1394 761 διδόντος

329 784 475 873 ἐπανήξω
499 789 554 870 τής
568 785 742 870 στρατείας.
772 783 843 851 τότε
865 787 901 851 δέ
921 790 976 870 τῆς
995 787 1159 868 βασιλίδος
1179 783 1300 868 δεηθείς
1318 785 1396 860 αύτάς

328 885 410 972 ύπέρ
432 887 559 955 ἐκείνου
580 885 654 966 καί,
685 884 715 948 εἰ
741 883 827 962 δέοι,
857 882 914 949 καί
943 881 1057 968 ἐγγύας
1077 882 1269 969 παρασχών,
1301 887 1354 948 τού
1371 891 1409 954 rel

303 983 552 1070 Βδεσμωτηρίου
586 979 818 1068 παρασκευάσω
847 987 985 1062 ἐξελθεῖν
1011 981 1068 1048 καί
1092 982 1172 1068 πρὸς
1197 981 1253 1070 τήν
1280 981 1397 1064 α’ρχαίαν

328 1081 534 1166 εύδαιμονάιν
552 1080 746 1168 πειράσομαι
768 1079 948 1165 ἐπανάγειν.
970 1081 1043 1147 νυνί
1061 1084 1097 1150 δέ
1113 1085 1170 1168 τῆς
1189 1085 1333 1167 στρατιάς
1350 1075 1397 1165 ήδη

328 1183 628 1268 παρεσκευασμένης
649 1175 745 1265 ούσης
765 1179 843 1266 πρὸς
862 1179 920 1266 τήν
940 1178 1065 1262 ἔξοδον,
1088 1181 1127 1246 ού
1141 1179 1240 1268 σχολή
1261 1181 1332 1268 περὶ
1346 1203 1398 1246 τοι-

329 1283 414 1347 αῦτα
433 1279 628 1365 διατρίβειν,
649 1281 770 1366 χρόνον
792 1277 926 1362 δεόμενα
946 1279 1024 1367 πρὸς
1043 1280 1101 1366 τήν
1120 1282 1322 1364 κατασκευήν.
1346 1281 1397 1344 ἀλλ’

329 1380 514 1466 ἐπειγόντων
534 1382 596 1446 ταῖν
615 1375 828 1462 πραγμάτων,
858 1384 916 1446 νύν
943 1383 1003 1460 μὲν
1032 1379 1110 1446 κατά
1131 1379 1285 1466 πάροδον,
1312 1374 1425 1462 donee

329 1481 387 1544 ιιαδ
405 1475 554 1561 πρότερον
573 1472 742 1560 πολλάκις,
764 1477 845 1564 πρύς
866 1478 983 1556 αύτούς
1012 1477 1282 1564 παραγενόμενος,
1303 1473 1338 1542 ού
1354 1503 1400 1541 πο-

331 1576 562 1664 ραμυθήσομαι
580 1573 678 1659 μόνον
700 1575 755 1642 διά
775 1575 832 1662 τήν
851 1580 1021 1662 ἐπιδημίαν
1048 1575 1105 1642 καί
1124 1577 1275 1664 προνοίας
1295 1575 1400 1656 αξιάσα

328 1673 385 1762 τής
406 1673 556 1762 δεούσης,
588 1674 670 1745 α’λλά
692 1679 748 1742 καί
774 1681 991 1762 χρησιοτὲρων
1011 1674 1163 1760 ἐμπλήσω
1184 1681 1249 1742 ταῖν
1268 1678 1401 1752 ἐλπίδων,

330 1773 389 1860 τήν
408 1777 596 1862 ἐλευθερίαν
616 1778 679 1844 τῶν
700 1779 824 1858 δεσμῶν
855 1775 1116 1861 ἐπαγγειλάμενος
1142 1775 1290 1858 βεβαίως.
1328 1770 1403 1838 ixei

230 1871 387 1942 vestris
417 1874 535 1958 μεταξύ
565 1871 683 1959 χρόνον
712 1877 819 1952 αύτοῖς
840 1871 1063 1960 άνεντύτερον,
1085 1874 1107 1958 ἢ
1127 1873 1283 1960 πρότερον
1301 1873 1428 1958 ήμίραςιέ

300 1969 456 2058 ὒποιήσει
478 1973 636 2061 διάστημα
660 1978 766 2056 μιάς.”
810 1973 828 2040 ά
857 1979 917 2057 μὲν
936 1967 994 2040 σύν
1012 1969 1122 2058 η’γάπα
1140 1977 1175 2042 τέ
1202 1981 1274 2049 ταῖς
1293 1975 1403 2055 inane.

330 2075 416 2151 λίαις
436 2078 493 2140 καί
510 2073 644 2161 χάριτας
664 2067 735 2161 Ιήδει
756 2073 874 2150 πολλάς
895 2075 974 2160 ύπέρ
998 2075 1115 2144 αύτοῖν.

416 2173 468 2258 ιη’.
490 2170 787 2260 Παρανοιμύμειός
806 2175 841 2238 δὲ
863 2169 1072 2256 αἰσθόμενος,
1099 2166 1163 2250 οἶος
1185 2162 1225 2256 ἦν
1248 2174 1358 2245 ἐκείνας
1374 2163 1403 2232 τά

331 2277 463 2344 τοιαῦτα
478 2276 611 2362 ἐρευνᾷν
620 2325 631 2356 ,
652 2274 709 2337 καί
729 2270 914 2358 προσελθών
928 2269 1069 2360 Ἀσάνη,
1085 2275 1193 2358 πρῶτα
1202 2276 1265 2354 μὲν
1281 2267 1403 2334 δουλείαν

331 2373 474 2460 α’ργαίαν
501 2368 678 2456 ὁμολόγει,
706 2375 762 2436 καί
793 2374 876 2456 μηδὲ
905 2369 964 2456 τήν
983 2375 1102 2459 τύχην,
1134 2373 1169 2438 ἐν
1196 2363 1218 2459 ᾖ
1249 2373 1427 2450 audieramus
1452 2371 1453 2432 ᾗ

332 2475 429 2558 νυνί,
459 2473 515 2558 τής
545 2471 621 2557 πρίν
653 2466 812 2548 εύτελείας
833 2475 1041 2555 ἐπιλελῆσθαι
1061 2482 1167 2538 πεῖσαι
1191 2472 1399 2554 διεβεβαιοῦτο,

297 2573 403 2638 Βάλλ’
428 2565 528 2647 ούτως
547 2569 672 2638 οἴεσθαι
693 2568 791 2635 adria
815 2565 868 2638 οἶα
892 2568 931 2656 δή
957 2574 1013 2637 ἕνα
1043 2573 1107 2636 τῶν
1130 2571 1252 2636 ἐκείνου
1282 2569 1398 2642 oleum,

332 2669 390 2738 sei
407 2667 466 2757 τήν
486 2667 709 2758 προσήκουσαν
730 2662 857 2736 εύνοιαν
886 2669 1001 2758 άγαθρλ
1034 2666 1171 2760 δεσπότη
1204 2668 1296 2756 παρά
1325 2661 1399 2751 δούλη

403 2831 447 2886 οδ.
468 2828 580 2904 desituras
596 2831 624 2886 t.

333 2997 418 3070 Quod
438 3011 489 3052 nee
506 2992 594 3061 mihi,
622 3010 674 3050 nee
696 2998 752 3049 illis
779 2997 955 3068 profuturum
975 2995 1110 3052 existimo.
1147 2998 1190 3052 dd
1217 3015 1307 3054 annos
1328 2999 1410 3064 igitur.

333 3068 436 3141 quibus
455 3069 486 3121 in
506 3084 614 3120 earcere
632 3075 712 3131 sunt,
737 3065 827 3119 adhue
846 3067 927 3120 breve
946 3075 1071 3136 tempus,
1096 3085 1266 3140 quemquam
1292 3070 1409 3124 dolentes,

332 3140 499 3210 perdurent,
519 3139 608 3192 donee
627 3137 721 3192 divino
739 3155 853 3190 munere
876 3139 910 3189 ab
929 3139 1106 3207 expeditione
1125 3141 1242 3193 rediero.
1280 3143 1349 3194 Tum
1365 3138 1411 3204 ips!

333 3213 370 3262 im
392 3213 535 3263 eretrieem
553 3225 646 3261 eorum
669 3210 781 3261 nomine
799 3217 940 3280 precatus,
961 3212 1058 3274 etiam,
1077 3209 1100 3261 si
1118 3228 1188 3280 opus
1206 3213 1279 3274 erit,
1298 3215 1411 3274 concepto

332 3223 513 3342 vssiitnonio,
533 3279 568 3332 de
589 3279 714 3332 custodia
733 3281 808 3331 exire
824 3279 943 3340 sociam,
967 3289 995 3332 et
1013 3281 1042 3332 in
1060 3291 1180 3334 veterem
1200 3297 1247 3334 eos
1266 3281 1412 3352 dignitatem

332 3351 528 3423 fortunamque
549 3351 668 3402 eonaltot
686 3367 814 3402 asserere.
851 3349 932 3402 Nune
952 3353 1082 3421 quonium
1111 3351 1146 3402 ad
1174 3353 1227 3404 iter
1251 3360 1359 3421 paratus
1381 3353 1414 3396 est
1450 3377 1451 3448 η

332 3424 488 3487 exereitus,
517 3418 561 3473 his
579 3419 742 3479 immorandi
766 3429 883 3473 nonest
901 3422 1007 3474 otium:
1035 3439 1105 3492 quse
1132 3429 1164 3475 ut
1189 3423 1276 3486 fiant,
1306 3431 1413 3488 tempore
1450 3451 1451 3462 r

333 3493 467 3564 indigent.
504 3486 559 3544 Sed
578 3491 643 3562 qnia
661 3491 800 3560 negotium
820 3499 913 3560 urget.
936 3508 1010 3544 nune
1029 3492 1058 3542 in
1077 3492 1214 3557 transitu,
1234 3500 1268 3544 ut
1284 3493 1351 3544 elias
1367 3503 1414 3540 sae·

331 3580 384 3636 pe,
402 3569 477 3634 ipsos
494 3561 596 3626 adibo,
615 3577 666 3611 nee
683 3561 837 3630 praesentia
856 3562 943 3613 solum
966 3577 1025 3614 mee
1043 3563 1207 3616 consolabor
1224 3573 1251 3616 et
1272 3556 1414 3614 necessitati

333 3650 424 3687 rerum
443 3634 603 3695 consulam,
619 3649 714 3686 verum
733 3633 816 3684 etiam
838 3632 910 3684 loeta
932 3648 980 3702 ape
1000 3632 1140 3702 implebo,
1158 3633 1332 3686 vinculorun
1354 3629 1415 3681 soln-

334 3704 440 3756 tionem
470 3704 601 3756 affirmate
631 3704 800 3772 promittens.
846 3702 930 3770 Quod
961 3702 1074 3774 quidem
1098 3704 1154 3756 illie
1178 3703 1231 3757 hoc
1255 3700 1416 3756 intervallum

333 3773 527 3837 tolerabilius,
554 3789 635 3844 quam
659 3775 734 3841 prins
762 3772 806 3824 sel
828 3775 909 3825 unius
932 3772 988 3826 diei
1007 3775 1128 3844 spatium
1146 3775 1252 3827 reddet.
1289 3775 1339 3828 llis
1362 3785 1416 3842 pro·

335 3844 426 3897 anissis
445 3853 611 3906 contentus,
627 3844 728 3896 Asanes
749 3842 847 3910 gratias
865 3844 990 3910 ingentes
1014 3846 1076 3914 egit.

410 3916 448 3967 18.
485 3912 615 3967 Cubieult
634 3913 788 3984 praelectus
816 3932 876 3966 eum
904 3915 973 3967 haee
997 3913 1182 3967 intellexisset
1210 3915 1286 3982 (erat
1305 3912 1373 3968 enim
1395 3911 1418 3960 itt

334 3983 380 4038 lris
403 3984 563 4054 indagandis
595 3983 721 4054 impiger)
744 3999 805 4034 eum
830 3985 919 4036 Arane
945 3985 1129 4056 congreditur.
1173 3985 1292 4040 Primum
1320 3980 1418 4054 quiden

336 4071 366 4108 se
393 4055 459 4106 olim
486 4055 546 4108 eins
574 4055 659 4107 lesisse
684 4069 788 4107 servem
816 4057 979 4109 confitetur:
1016 4071 1068 4107 neo
1094 4056 1230 4108 fortunam
1258 4061 1419 4125 praesentem

335 4125 501 4180 abiectiouis
520 4139 586 4176 snae
604 4127 704 4193 prioris
725 4127 885 4178 memoriam
903 4125 957 4176 sibi
977 4127 1125 4179 abstulisse
1144 4135 1294 4186 assereret,
1321 4124 1367 4175 sed
1384 4137 1420 4172 se·

336 4202 395 4249 teet
418 4209 562 4247 numerere
589 4195 619 4246 in
646 4195 756 4247 famulis
780 4197 860 4256 eius,
889 4211 1017 4268 quaeque
1042 4215 1091 4266 par
1114 4205 1157 4249 est
1181 4196 1256 4250 beno
1283 4194 1420 4248 dominos

336 4281 415 4325 serso
432 4272 530 4338 perata
547 4276 607 4320 este
630 4265 737 4331 stadis,
763 4265 860 4340 eedem
877 4281 906 4320 se
923 4267 984 4331 itti,
1009 4269 1034 4321 si
1053 4283 1096 4324 res
1114 4267 1254 4336 exegerit,
1282 4262 1421 4338 praestitu-
