2894 4936
337 291 625 362 memoraturum
651 303 707 365 ιιι.
729 307 781 375 τι.
958 299 965 308 ’
1020 285 1107 402 449

41 443 101 520 icc,
125 432 147 524 ἢ
168 438 328 527 ἀρχόντων
349 445 371 528 ἦ
394 451 541 530 βασιλεία
562 450 731 540 εύποροίη,
759 447 819 520 κόν
837 455 921 550 τύχη
939 465 1004 530 τινί
1022 481 1177 553 σφα-ΔΑ
1189 481 1254 555 atil

38 541 107 602 λύοι
118 589 127 619 ,
153 538 268 629 ῥηιδίως
287 540 427 610 δύναιντ’
450 541 489 612 όν
510 549 725 630 ε’πανασιόζειν
743 551 801 639 τήν
818 562 976 645 προτέραν
998 567 1108 650 τύχην.

39 630 71 700 όν
92 639 119 700 δ’
136 633 220 716 όπαξ
240 641 479 727 οἰποστερηθυόσι
499 651 561 713 τιόν
581 648 751 735 τοιούτων,
776 651 979 724 rettulerat
1001 656 1102 728 κοόλυ-
1113 670 1138 724 P·
1147 670 1203 727 δον

1433 815 1434 844 l

1433 847 1434 904 l

1433 1015 1434 1072 l

1433 1079 1434 1118 i

36 759 91 817 μα,
108 735 152 821 μη
177 739 223 816 εἰς
252 735 387 822 ἔσχατον
408 749 620 828 κακοπραγίας
650 745 785 831 τάχιοτα
810 752 962 840 οἰφίχθσι,
1014 755 1111 827 ὃνύν

23 825 86 914 5όγιό
105 833 158 920 τὴν
177 838 344 918 Ῥωμαίων
362 839 502 922 μάλιστα
526 841 683 932 ὀδύρομαι
703 846 872 933 ἡγεμονίαν
881 905 892 936 ,
914 849 966 922 ότι
985 864 1111 927 πολλῶν

37 936 82 996 καί
96 936 283 1016 θαυμασίων
301 938 428 1024 οἰνδριόν
449 940 603 1029 πρότερον
640 948 839 1034 εύποροόσοιν
869 957 928 1020 νύν
948 959 994 1034 εἰς
1014 963 1109 1024 τούτο

35 1033 248 1127 περιέστησενό
262 1034 366 1102 πύντα
378 1037 543 1108 καταλύων
554 1044 678 1128 χρόνος,
694 1043 773 1113 ὥστε
786 1047 942 1134 ἡγεμόνας
954 1057 1018 1123 τεόν
1030 1082 1110 1144 προι-

34 1127 142 1211 γμότων
166 1129 260 1218 ’ἔχειν
285 1139 387 1220 μηδὲν
408 1131 536 1222 ἄμεινον
566 1147 629 1208 τῶν
656 1149 780 1212 πολλῶν
801 1150 1029 1236 διακειμένους.
1070 1153 1107 1220 τό

35 1226 81 1312 γὰρ
108 1229 187 1318 ύπὲρ
209 1233 403 1318 τηλικούτων
428 1243 600 1324 πρεσβείαν
630 1247 837 1328 ποιουμένους
868 1255 925 1317 καί
950 1251 1032 1337 πρός
1051 1257 1110 1338 ἐμὲ

14 1326 78 1390 ιοτόν
88 1327 185 1396 πολύν
205 1323 268 1418 ἤδη
285 1331 404 1418 χρόνον
422 1328 560 1423 όίρξαντσ
578 1341 696 1421 αύτιόν,
718 1344 774 1410 καί
792 1340 841 1430 ού,
867 1350 898 1414 εἰ
914 1349 959 1437 μὴ
973 1353 1111 1440 ἐπίφθο-

37 1449 74 1491 ιον
93 1431 207 1513 εἰπεῖν,
229 1437 286 1498 καί
302 1435 481 1518 βλέμματος
505 1431 681 1506 ἀπολαύειν
705 1449 881 1531 προσηνούς
904 1449 940 1514 ἰν
960 1451 1110 1538 μεγύητης

34 1516 96 1606 ἦγον
118 1524 271 1616 εότυχίας
293 1534 394 1618 μέρει,
418 1531 527 1600 ἔπειτα
546 1540 648 1622 μηδὲν
667 1538 747 1626 μήτε
760 1541 1010 1629 ἐρευνήσαντας,
1030 1547 1111 1635 μὴτο

33 1632 233 1710 στερομένους
255 1625 354 1708 οότως
370 1631 607 1718 ἀπερισκέπτως
626 1639 682 1702 καί
701 1639 849 1725 θρασέως
869 1640 908 1708 τό
933 1646 1108 1715 ἐπελθόντα

32 1724 163 1812 γράφειν,
198 1729 257 1793 ούκ
285 1731 411 1796 ἐκείνων
432 1729 561 1822 μάλιστ’
594 1727 635 1810 όόγ
662 1760 711 1813 τις
737 1737 960 1825 κατηγορῆσαι
987 1747 1133 1832 apocri-B

12 1819 110 1890 ιόκοντα
124 1828 337 1911 εἰργασμένων
354 1827 495 1914 ἑαυτοῖς,
518 1825 540 1916 ἢ
561 1826 624 1921 όσηι
639 1833 703 1918 τὴν
711 1841 872 1924 περιφανῆ
885 1840 1035 1926 πρότερον
1052 1843 1110 1909 καί
1182 1879 1185 1890 ·

32 1922 133 2011 εύτυχῇ
143 1925 319 2010 Ῥωμαίων
339 1928 525 2015 θρηνήσειεν
544 1929 713 2014 ἡγεμονίαν
747 1933 809 1999 ύπό
836 1934 1007 2022 τοιούτοις,
1030 1945 1105 2027 φεύ,

33 2020 226 2108 ἀνδραπόδοις
257 2028 421 2112 α’γομένην.
441 2027 518 2114 περί
527 2031 587 2110 μὲν
596 2024 654 2095 σύν
669 2033 795 2098 ἐκείνων
811 2029 916 2119 όλίγος
927 2039 1002 2117 ε’μοί
1016 2036 1107 2122 λόγος

31 2123 124 2200 γένοιτ’
153 2122 213 2209 ἰόν,
248 2129 384 2192 τοιαῦτα
413 2127 468 2190 καί
495 2127 679 2215 φαυλότερα
708 2129 857 2216 πράττειν
885 2125 975 2200 ούσιν
995 2125 1107 2215 ἀξίοις.

29 2211 208 2290 Ἀποκαύκσυ
234 2225 271 2289 δὲ
293 2227 354 2289 τού
377 2228 660 2309 παρακοιμωμίνου
690 2229 729 2292 ού
760 2228 820 2313 τὴν
841 2233 1024 2319 μοχθηρίαν
1047 2227 1105 2316 μό·

12 2335 74 2383 teror
101 2323 154 2388 καί
172 2325 386 2410 φιλοψευδὲς,
418 2323 500 2388 α’λλό
523 2327 579 2389 καί
597 2323 656 2409 τήν
675 2325 847 2412 ἰταμότητα
862 2331 918 2396 καί
933 2329 992 2418 την
1011 2333 1105 2398 α’ναι-

33 2415 164 2501 σχυντίαν
191 2422 297 2490 ἔπεισι
315 2423 505 2506 θαυμάζειν,
528 2419 588 2508 ότι,
608 2428 710 2491 καίτοι
727 2429 850 2508 μέλλων
870 2432 926 2494 ἐπί
947 2429 1106 2496 τοσούτων

32 2517 200 2604 ἐλέγχεσθαι
225 2525 411 2610 σαφέστατα
435 2521 648 2606 ψευδόμενος,
677 2519 764 2606 όμως
791 2527 846 2590 tut
870 2531 914 2617 τῷ
934 2527 979 2614 μη
1002 2531 1106 2596 όοκεῖν

31 2616 84 2704 εἰκῇ
100 2627 153 2686 καί
170 2618 344 2706 μάτηντύν
363 2619 500 2702 πόλεμον
519 2625 722 2708 κεκινηκέναι,
742 2627 820 2710 μηδ’
833 2622 972 2710 οἰνήνυτα
985 2639 1103 2712 πονεῖν,

31 2715 113 2783 dicre
127 2723 179 2807 τῆς
199 2723 251 2786 ἐπ’
274 2719 379 2804 ὀλίγον
401 2722 547 2799 εύδσξίας
567 2720 623 2805 τὴν
639 2719 694 2788 διό
713 2718 787 2806 βίου
810 2719 966 2811 αἰσχύνην
987 2725 1136 2794 duat-c

86 2866 182 2917 amarat
200 2859 375 2935 φιλοψευδὲς
391 2860 453 2916 add.
471 2860 508 2913 Μ.

31 3009 137 3072 quamvis
163 3025 228 3062 caru
247 3007 364 3080 quodam
388 3005 566 3070 offenderint,
586 3020 668 3074 parvo
687 3005 798 3077 negotio
819 3007 854 3060 ad
871 3009 1013 3077 pristinam
1032 3014 1098 3066 ieli-

31 3079 125 3130 citatem
150 3079 274 3134 revocari
301 3084 439 3148 poterunt.
482 3076 644 3129 sinautem
668 3076 738 3129 talea
759 3077 831 3130 viror
848 3081 934 3130 aemel
950 3085 1103 3148 amiserint,

30 3145 89 3198 nibil
115 3153 238 3219 proiecto
263 3149 378 3202 celerem
402 3155 431 3200 et
457 3155 605 3198 extremam
634 3162 728 3198 eorum
754 3146 895 3199 miceriam
912 3153 1101 3206 remorabitur.

30 3213 150 3282 Quocirca
172 3225 322 3273 Romanum
347 3218 491 3289 imperium
510 3232 559 3286 ego
580 3217 766 3287 maximopere
786 3217 886 3287 lugeo,
912 3221 987 3290 quod
1007 3224 1103 3276 multi·

30 3295 98 3338 autea
114 3293 177 3344 viria
196 3287 408 3342 admirabilibus
427 3287 588 3349 abundans,
607 3286 689 3339 modo
708 3285 800 3339 omnia
820 3289 968 3340 conficient
987 3299 1017 3344 et
1035 3307 1104 3344 cora·

30 3369 122 3411 sumena
138 3370 259 3417 vetustae
277 3377 309 3414 eo
327 3359 441 3428 redegit,
462 3365 494 3408 ut
510 3373 642 3408 summam
661 3359 721 3408 ciue
738 3364 859 3420 teneant,
885 3375 954 3428 quoa
973 3375 989 3412 e
1010 3361 1102 3415 medio

30 3423 156 3495 imperitae
174 3431 337 3502 plebeculae
355 3429 491 3499 prodiisse
501 3427 590 3496 ,dicae
618 3427 688 3479 Nam
706 3443 788 3496 cuper
810 3427 914 3481 talibus
935 3429 1104 3500 legationem

29 3496 124 3553 mittere
154 3513 182 3556 et
205 3503 242 3554 ad
266 3517 308 3552 ure
333 3503 462 3560 mittere,
489 3498 538 3568 qui
564 3497 630 3567 ipcia
660 3497 709 3548 diu
729 3499 782 3550 iam
799 3497 948 3568 imperavi,
976 3509 1006 3553 et
1023 3503 1102 3555 cuiue

29 3563 101 3631 (absit
116 3575 198 3625 verbo
216 3571 334 3640 invidia)
350 3570 395 3626 vel
418 3567 570 3639 placidiore
597 3566 728 3636 adspectu
756 3567 872 3635 dignati,
889 3569 920 3622 in
944 3570 1022 3623 coelo
1045 3571 1102 3624 eibi

30 3651 78 3688 ecce
94 3641 269 3696 ridebantur:
294 3641 395 3693 deinde
415 3638 488 3691 nihil
506 3653 595 3706 neque
614 3639 811 3707 anquirentcc,
827 3655 919 3710 neque
939 3642 1103 3711 eircumrpi-

30 3705 134 3775 eleuter,
156 3713 225 3766 adeo
252 3712 409 3764 inconsulto
433 3717 462 3762 et
485 3709 656 3762 confidenter
683 3707 752 3777 quit!
773 3708 869 3761 uldin
890 3709 1004 3772 buccam
1022 3713 1101 3766 ΜΠ*

30 3779 150 3846 scribere,
168 3801 225 3836 nou
242 3790 299 3834 tam
320 3782 394 3840 illic,
411 3778 487 3850 quod
508 3795 537 3832 ιε
558 3778 670 3846 dignum
691 3784 733 3828 eat
754 3727 939 3841 lacientibue‚
964 3781 1103 3850 quispiam

30 3849 236 3915 reprehenderit,
257 3867 338 3924 quam
357 3850 464 3902 illustre
481 3853 557 3918 priua
576 3856 605 3900 et
624 3846 735 3900 beatum
755 3849 937 3901 Romanorum
955 3851 1103 3921 imperium

29 3927 91 3968 nuuc
106 3923 139 3973 ab
157 3923 334 3984 huiusmodi,
357 3937 406 3988 pro
426 3921 515 3970 Deum
534 3918 731 3980 immortalem,
756 3919 900 3986 mancipiis
919 3921 1102 3990 gubernatum

30 3983 164 4044 deleverit„
200 3993 255 4046 Sed
273 3993 307 4044 do
327 3991 384 4044 illic
402 3990 475 4044 nihil
494 3988 582 4040 dicam
599 3987 733 4056 amplior,
760 4004 828 4058 quor
847 3988 910 4040 talia
931 3990 1055 4043 conditio
1072 4001 1102 4047 et

29 4059 97 4120 prior
116 4065 194 4116 etiam
220 4063 315 4116 decet:
341 4058 499 4130 Apocauchi
516 4058 647 4129 praelecti
671 4057 793 4109 cubiculi
818 4074 875 4110 ooo
895 4059 1102 4130 improbitatem

31 4129 101 4181 motu
126 4133 331 4205 moriendique
357 4129 522 4193 libidinem,
550 4127 600 4183 aed
624 4128 806 4182 temeritatem
832 4145 943 4200 quoque
964 4139 993 4184 el
1008 4134 1103 4202 impu·

32 4191 138 4255 denum
155 4205 288 4258 admito„
306 4204 356 4274 qui
374 4202 497 4273 quamuis
514 4215 572 4255 noa
589 4195 684 4271 paucio
704 4205 734 4252 et
756 4199 936 4270 aperticaimir
969 4203 1102 4275 exempti·

61 4303 258 4365 Ceumcmenur
279 4305 316 4362 tt
