2894 4942
310 337 392 394 212
703 329 985 446 curtrictszmt

159 489 417 564 λαιλήιέκεῖνοι
431 488 468 551 δὲ
490 483 641 572 δρῶντες,
675 483 720 559 oie
742 488 862 566 μᾶλλον
890 485 999 558 usitate
1029 483 1167 568 αἰρετέος
1197 487 1280 550 ἐστὶν
1299 477 1379 548 isui-
1437 473 1438 544 i

305 591 418 667 λεμος,
454 579 476 670 ἢ
500 587 520 670 ἢ
549 581 675 668 εἰρήνη,
705 581 788 665 μετά
818 581 852 648 τά
876 581 976 648 πολλά
998 585 1151 667 δεηθῆναι
1172 586 1249 667 περί
1280 585 1377 666 adripe,
1437 583 1438 606 ¹

305 686 378 750 duel
407 683 487 771 πρὸς
518 679 651 766 σκήψεις
682 681 738 748 καί
762 683 945 769 προφάσεις
970 680 1027 746 καί
1056 678 1149 748 οὐδὲν
1181 683 1270 766 ὑγιὲς
1290 679 1381 764 ὶάρυν
1437 725 1438 752 r

304 781 577 870 καταφεύγοντας,
613 779 671 865 τήν
697 777 852 847 ἐπάνοδον
872 775 1016 868 Ιήτοῦντο.
1064 789 1132 858 τοῖς
1152 783 1188 846 δὲ
1208 781 1285 846 υάδὲ
1303 783 1380 846 τοῦτο
1437 815 1438 842 r

303 889 475 949 λυσιτελεῖν
504 881 626 962 ἐδόκει,
662 874 741 946 ὥστε
769 877 965 956 άπελθόιτας
992 877 1068 954 τούς
1094 879 1258 963 μοναχοάς
1291 879 1395 950 αἰτοῖςὸ

302 986 362 1065 μὲν
383 984 571 1046 ἀνατιθέναι
604 977 661 1064 τήν
696 981 798 1045 αἰτίαν
826 980 883 1043 τοῦ
902 981 1058 1060 πολέμου,
1088 979 1339 1067 Καντακουζηνῷ
1353 979 1381 1040 δὲ

301 1085 347 1170 τῷ
369 1086 499 1165 βασιλεῖ
510 1077 545 1144 τά
566 1081 688 1160 μᾶλλον
709 1073 872 1163 αἱρεῖσθαι
890 1077 949 1163 τήν
970 1076 1097 1162 εἰρήνην
1128 1067 1184 1144 καί
1214 1077 1319 1142 δι’ταια
1339 1073 1383 1140 καί

300 1184 507 1266 συμφέροντα
538 1185 603 1253 τοῖς
632 1180 729 1243 πᾶσιν
751 1179 861 1254 α”ξιοῦν
880 1187 1127 1262 συμμαρτυρεῖν.
1167 1179 1243 1241 ου’δὲ
1258 1174 1316 1260 γάρ
1334 1175 1380 1256 μδ·
1437 1215 1438 1240 r

300 1278 373 1363 τριά
393 1303 463 1342 τινα
486 1277 720 1362 προστήσεσθαι
743 1277 852 1351 ου’τοῖς
875 1273 1018 1357 ἐνόμιζον
1037 1275 1118 1360 πρὸς
1136 1272 1172 1342 τὸ
1187 1275 1262 1350 τούς
1277 1276 1381 1359 δήμους

301 1377 499 1462 ἐκταράττειν
522 1375 578 1440 καί
604 1374 660 1439 τὸν
691 1371 824 1455 πόλεμον
853 1361 958 1440 κινεῖν.
1000 1376 1180 1460 ἐξεπίτηδες
1207 1372 1272 1460 γάρ
1301 1373 1408 1437 uu'soiro
1437 1397 1438 1459 3

268 1475 417 1550 Βλάλους
435 1473 526 1550 τινάς
544 1473 698 1540 καθίεσαν
718 1476 764 1548 εἰς
783 1471 841 1548 τάς
860 1471 967 1548 πόλεις
988 1470 1217 1558 κηρύττοντος,
1240 1473 1286 1551 ὥς
1305 1477 1381 1539 lius

299 1570 490 1658 τακουζηνός
511 1573 581 1637 ου’δ’
603 1565 710 1658 άκροις
731 1567 795 1637 odos*
816 1570 874 1656 τήν
897 1569 1023 1656 εἰρήνην
1042 1575 1277 1657 παραδέχοιτο,
1311 1567 1380 1637 άλλά

298 1673 338 1738 τά
361 1672 522 1739 δεινότατα
550 1667 623 1745 τούς
654 1673 811 1751 βασιλέως
842 1672 961 1746 παῖδας
995 1669 1164 1756 διαθήσειν
1183 1666 1325 1754 dorilei,
1358 1671 1381 1734 si

297 1775 490 1855 περιγένοιτο
511 1773 545 1836 ἒν
576 1773 621 1858 τῷ
641 1773 789 1858 πολέμῳ,
826 1769 885 1834 καί
915 1770 991 1846 rosis,-
1018 1763 1154 1851 ἄλλους,
1186 1765 1255 1836 ὅσοι
1286 1771 1380 1836 δι’κσιυ

297 1873 458 1946 ποιοῦντες
493 1867 600 1958 ἐκείνῳ
629 1865 883 1952 πεπολεμήκασιν
914 1869 995 1956 ὑπὲρ
1026 1871 1143 1941 αὐτῶν.
1196 1869 1408 1955 παρεκάλουνι5

297 1993 331 2036 τε
352 1967 426 2044 τούς
447 1967 569 2054 δήμους
594 1968 672 2053 ὑπὲρ
702 1972 766 2034 ruis
792 1973 948 2050 βασιλέως
979 1971 1103 2033 παίδων
1124 1970 1279 2056 άρφανυῑν
1298 1962 1380 2034 druos

296 2069 415 2156 πατρὸς
427 2069 614 2156 άγανακτειζν
635 2071 690 2132 καί
710 2065 890 2150 άμάνεσθαι
911 2068 966 2134 τὸν
987 2069 1166 2134 άδικοῦντοι.
1208 2063 1248 2133 οὗ
1272 2067 1313 2153 δή
1327 2071 1380 2132 ise·

297 2194 337 2234 κα
359 2170 533 2251 ἰσκέψαντο
551 2163 738 2252 συγκρούειν
769 2167 850 2254 πρὸς
870 2162 1006 2244 deurode
1036 2166 1299 2250 τοδςμοναχοάς,
1334 2169 1381 2234 κατ’

298 2268 474 2352 Μακάρων
492 2269 552 2348 μὲν
573 2266 630 2331 τὸν
652 2263 789 2350 Λαάρας
811 2266 1002 2350 ἡγούμενον,
1020 2265 1258 2351 ’Θεσσαλονικης
1279 2288 1381 2352 μητρο-

299 2370 427 2450 πολίτην
455 2367 697 2448 άποδείξαντες,
730 2363 860 2431 ἔπεισαν
881 2365 919 2429 od
947 2363 1024 2447 πρὸς
1052 2363 1125 2441 τούς
1157 2359 1273 2441 ἄλλους
1300 2363 1405 2447 μάνινιο

203 2465 502 2553 νήσήδιενεχθήναι
525 2463 686 2547 μοναχοάς
718 2467 773 2530 καί
792 2468 1117 2548 Καντακουζηνισμὸν
1139 2467 1244 2531 αὐτῶν
1261 2485 1379 2548 κατήγο-
1437 2491 1438 2530 ι

299 2573 382 2652 ρεῑν,
418 2559 469 2629 ὅτι
489 2560 528 2648 δή
551 2562 606 2628 τὸν
629 2564 722 2650 prior
746 2562 880 2645 δρῶντες
901 2561 1092 2630 άπολεΐσθαι
1118 2561 1183 2627 sind
1207 2567 1268 2628 sori
1288 2563 1379 2628 sessori
1437 2605 1438 2626 r

298 2664 435 2745 πολέμου
457 2661 693 2740 κινδυνεύοντα,
716 2665 750 2729 ἐν
772 2665 867 2750 ζήλου
888 2667 985 2756 μοι’ρρι
1013 2664 1069 2730 καί
1085 2667 1140 2749 τής
1161 2662 1243 2750 πρδς
1257 2658 1298 2730 τά
1318 2667 1378 2746 βελ-

370 2824 393 2878 3.
412 2822 453 2880 εἰς
469 2820 531 2875 edd
550 2821 587 2872 Μ.
606 2828 671 2876 ante
689 2819 786 2880 osser.

1437 2943 1438 2966 l

300 3009 379 3046 curso
398 3001 483 3047 eraut.
520 2991 577 3062 Qui
595 2999 756 3056 comentes,
780 3007 826 3046 eos
843 2991 919 3044 bello
944 3009 1027 3064 quam
1053 3008 1120 3064 pace
1147 2993 1264 3063 gaudere
1287 2993 1375 3060 magis,
1437 2985 1438 3060 i

299 3081 359 3116 cum
376 3065 459 3118 toties
475 3081 557 3132 super
574 3079 606 3115 eo
624 3065 729 3130 rogati,
752 3062 786 3115 ad
801 3062 931 3116 obtentus
948 3065 1079 3134 quosdam
1100 3072 1128 3116 et
1140 3080 1234 3116 musas
1250 3079 1375 3116 commur-
1437 3075 1438 3108 ι

297 3137 375 3188 titius
400 3133 594 3202 confugerent,
623 3132 777 3186 revertendi
803 3140 966 3204 potestatem
991 3138 1155 3204 petiverunt„
1192 3137 1229 3188 Ae
1252 3135 1309 3188 istis
1334 3144 1375 3184 rec

297 3206 350 3258 boo
369 3205 521 3257 conducere
540 3207 627 3256 visum
650 3211 705 3266 est,
724 3210 756 3254 ut
774 3203 887 3274 digressi
906 3206 1033 3258 monachi
1052 3209 1125 3276 ipsos
1143 3206 1227 3268 beili,
1252 3207 1375 3258 Cantatu-

298 3292 394 3328 scnum
418 3276 492 3344 pacis
516 3281 652 3326 auctorem
672 3275 861 3344 praedicarent
888 3277 1135 3347 testimoniumque
1162 3278 1282 3338 terrent,
1307 3275 1373 3324 illut¹

297 3347 422 3399 iustitiae
444 3351 625 3398 consentaneo
647 3351 674 3395 et
692 3345 862 3397 universitati
886 3345 1022 3400 fructuosa
1041 3346 1192 3418 postulare.
1234 3348 1294 3399 Nou
1311 3345 1374 3396 enim

299 3415 463 3488 quibusdam
481 3416 590 3468 levibus
609 3415 770 3468 ratiunculis
790 3431 884 3468 usuros
902 3415 1121 3480 arbitrabantur,
1150 3416 1252 3487 quibua
1271 3413 1373 3486 populere

298 3487 492 3558 perturbarent
511 3494 594 3554 atque
612 3485 647 3536 ad
665 3501 738 3536 arma
757 3485 951 3548 incenderent,
975 3501 1034 3538 curn
1054 3488 1108 3558 ipsi
1127 3505 1161 3540 ex
1182 3488 1305 3540 instituto
1322 3482 1373 3532 ble-

298 3563 408 3610 terones
427 3556 559 3628 quosdam
571 3554 733 3608 subornatos
746 3570 794 3625 per
805 3556 906 3626 oppida
923 3556 1100 3620 dimisissent,
1119 3560 1168 3629 qui
1178 3557 1373 3628 proclamarent,

300 3627 515 3680 Cantacuzenum
536 3625 571 3676 ab
589 3625 730 3679 auditione
756 3627 829 3694 pacis
847 3623 995 3680 abhorrere
1012 3635 1042 3681 et
1058 3629 1168 3691 minari,
1190 3644 1219 3681 se
1239 3628 1319 3680 relata
1336 3623 1373 3676 si·

300 3699 384 3749 ctoriu
403 3698 573 3766 imperatoris
594 3695 696 3748 liberos
714 3695 848 3748 iacturum
872 3699 1001 3750 mortales
1024 3699 1209 3762 miserrimos,
1235 3713 1266 3749 ae
1289 3707 1374 3764 perre-

300 3783 354 3836 que
379 3766 462 3830 alios,
485 3775 621 3840 quotquot
642 3781 733 3819 amore
750 3766 873 3818 iustitiae
890 3783 939 3836 pro
957 3770 1024 3837 ipsis
1044 3777 1137 3820 contra
1153 3784 1183 3822 se
1198 3765 1374 3840 pugnaverint.
1415 3799 1418 3838 t

299 3836 456 3889 incitabant
474 3838 556 3908 igitur
574 3835 710 3906 populos,
734 3844 766 3889 ut
782 3838 901 3890 filiorum
926 3837 1097 3906 imperatoris
1124 3839 1179 3892 iam
1206 3840 1376 3908 orphanorum

300 3905 386 3958 vicem
411 3906 550 3970 dolentes,
577 3906 612 3958 ab
631 3923 724 3958 eorum
744 3908 880 3975 capitibus
908 3905 1027 3961 bominis
1052 3910 1166 3961 iniurias
1189 3909 1375 3980 propulsarent·

301 3974 346 4028 Ob
364 3976 417 4027 boc
434 3977 528 4048 itaque
552 3975 822 4039 commentubontur,
845 3979 983 4048 quomodo
1003 3979 1075 4032 inter
1092 3979 1239 4032 monucbos
1264 3979 1334 4030 litem
1350 3979 1375 4023 et

302 4046 500 4098 dissensionem
528 4055 656 4100 sererent
695 4049 732 4099 Ac
753 4049 902 4101 ttacsrtum
927 4049 1059 4117 quidem,
1084 4049 1188 4102 terreae
1207 4043 1373 4118 praefectum,

300 4117 504 4185 metropolitam
519 4117 790 4170 Thessalonicensem
809 4117 997 4189 designantes,
1015 4136 1049 4173 eo
1064 4119 1265 4190 perduxerunt,
1281 4124 1310 4170 st
1325 4127 1373 4165 oon

302 4193 408 4238 tantum
427 4187 462 4238 ub
481 4187 543 4238 eliis
562 4188 698 4240 monachis
721 4187 883 4252 dissideret,
907 4204 1010 4260 eosque
1037 4190 1270 4244 Centacasenismi
1287 4199 1373 4254 segue·

303 4264 356 4321 ret,
371 4257 453 4330 (quia
474 4257 603 4310 nimirum
630 4257 800 4316 amicumob
820 4275 892 4315 arms
913 4263 1069 4316 cummunis
1087 4263 1210 4334 periurio
1227 4257 1371 4314 condicite·
