2894 4936
219 219 221 224 ¹
288 217 375 320 488
693 241 980 310 ελστισυευτιι

142 407 206 464 tc.
220 401 522 485 ιδλλδπηγγὲλλσντσ
541 392 628 482 σφάς
650 393 772 472 αδτσδς
791 397 848 462 καί
867 393 925 481 τὴν
944 389 1039 460 πόλιν
1058 393 1273 480 παραδιδόναι,
1296 384 1356 460 odra

287 499 369 584 πρὸς
390 497 449 584 τὴν
469 501 626 564 εἰωθυῖαν
646 488 877 582 ἀναισχυντίαν
906 491 1082 582 ἐτράποντο
1101 491 1158 557 καί
1176 491 1229 568 τάς
1246 488 1355 578 ἀβρεις,

264 598 369 668 Βάλλ’
381 597 538 686 εδφήμως
555 598 614 662 καί
631 597 810 683 σωφρόνως
826 597 998 660 ἀπείπαντο
1018 591 1079 679 τὴν
1101 595 1269 678 πρεσβείαν.
1283 596 1357 672 νομί·

290 725 351 776 σοις
373 700 408 762 δὲ
438 696 455 763 ό
475 693 631 780 βασιλεδς
652 693 757 780 ἀρχὴν
778 692 1032 778 προσχωρήσεως
1051 686 1136 757 εἶναι
1155 688 1211 773 τὴν
1226 693 1357 774 εδγνωμσ-

291 798 409 884 σόνην,
421 791 602 884 Ι(συνεσόρα
628 792 689 882 γάρ
715 790 943 870 όπενδιδόντας
964 793 1045 879 πρὸς
1064 789 1124 867 τάς
1143 798 1275 871 συνεχεῖς
1290 788 1371 874 &prii

292 903 370 978 δσυς
401 900 457 964 καί
475 894 534 981 τὴν
555 891 694 962 κάκωσιν
701 895 729 983 ,)
751 891 831 977 ἔγνω
853 895 919 958 δεῖν
941 893 999 976 τὴν
1017 887 1169 976 στρατιάν
1182 885 1294 972 ἀπάγειν
1311 886 1359 969 τὴν

293 1001 464 1082 ταχίστην,
484 995 536 1062 ἵνα
557 993 638 1080 μήτε
657 993 678 1078 ἦ
698 990 794 1078 χάρα
815 993 1038 1080 διαφθείροντα
1057 992 1217 1071 μέλλουσα
1240 989 1359 1068 γίνεσθαι

292 1103 364 1181 μετ’
378 1091 481 1178 δλίγσν
500 1091 557 1159 ἀπ’
570 1091 687 1176 adada,
718 1091 815 1158 αότοί
829 1115 864 1156 τε
887 1086 1034 1172 τυχόντες
1073 1088 1185 1162 ἀδείας
1199 1121 1203 1130 ·
1215 1085 1251 1151 τά
1270 1087 1359 1150 δέοντο

291 1193 519 1280 βουλεύσαιντο
543 1190 619 1280 περί
638 1193 748 1280 σφσδν,
774 1189 831 1254 καί
849 1189 1040 1275 ἀνέστρεφεν
1059 1178 1256 1270 εἰς’Ἀπρων.

194 1311 284 1369 Mat
376 1289 434 1362 σθ’.
476 1285 576 1356 Ἔνθα
605 1292 798 1377 διατρίβοντι
825 1290 943 1370 ’Λμζᾶς
977 1301 1032 1362 τις·
1053 1277 1154 1366 ὄνομα
1191 1280 1387 1367 προσελθάν,ισ
1442 1349 1443 1376 ,

261 1409 282 1464 lt
302 1391 450 1476 ε’μὴνυεν,
473 1389 517 1466 oie
529 1385 596 1471 ἅμα
616 1391 682 1454 τινί
701 1384 797 1476 ἑτέρῳ
808 1388 962 1474 Σιαράνιρ
978 1384 1276 1470 προσαγορευομένῳ
1294 1383 1357 1468 δλιήρ
1442 1379 1443 1460 l

292 1489 444 1574 πρότερον
481 1491 517 1554 εἰι
551 1491 734 1568 Βυζαντίου
762 1489 971 1570 προσέλθοιεν
1006 1481 1158 1571 φυγάδες.
1209 1482 1353 1560 αι’-τὸνμὲν

241 1667 244 1676 Ι
295 1583 353 1654 σόν
374 1588 499 1672 ἀδόλως
532 1592 721 1673 προσελθεῖν
745 1585 801 1651 καί
829 1584 1053 1672 ἀπανούργως,
1081 1583 1243 1666 Σηαράνσν
1276 1580 1351 1659 aa,
1442 1579 1443 1594 ¹

293 1689 441 1770 δμοίως,
478 1681 560 1751 ἀλλά
584 1693 715 1763 πολλοῖς
736 1686 929 1768 ὑποσχέσεσι
959 1685 1014 1750 καί
1033 1687 1169 1766 δωρεαῖς
1190 1679 1277 1766 παρά
1294 1677 1353 1760 μηδ·

292 1795 351 1854 λσυ
372 1784 482 1862 δσυκδς
504 1789 696 1869 πεισθέντα,
716 1785 749 1850 εί
766 1783 866 1850 αὐτόν
886 1786 1005 1848 ἀνέλοι.
1045 1783 1222 1863 νομίσαντα
1254 1781 1287 1844 δὲ
1302 1781 1381 1846 rra-o

292 1886 391 1974 ρόνσν
411 1882 634 1968 ξυλλήψεσθαι
657 1885 744 1973 adsui
766 1881 820 1950 διά
841 1887 899 1948 τοῦ
918 1886 1028 1967 γένους
1049 1881 1107 1966 την
1129 1879 1210 1964 πρός
1230 1877 1287 1954 τάς
1303 1901 1365 1962 σφι-

293 1983 354 2069 γδς
374 1987 431 2050 καί
449 1981 525 2060 τσδς
544 1984 661 2070 φόνους
680 1977 893 2068 ἑτοιμότητα,
919 1983 970 2067 (ἐκ
979 1980 1118 2066 Περσῶν
1138 1979 1201 2063 γάρ
1220 1979 1328 2060 Ἀμζάς
1342 1973 1367 2038 τό

293 2087 383 2169 γένος
403 2076 478 2170 dis)
516 2081 695 2164 ἐκκαλύψαι
724 2079 761 2146 τό
793 2081 980 2168 ἀπόρρητον.
1028 2079 1087 2146 Ιτόν
1125 2083 1160 2143 δὲ
1202 2072 1370 2162 ἡγησόμενον

296 2181 404 2248 δεινόν
431 2179 488 2266 τὴν
517 2181 599 2248 κατὰ
629 2180 787 2264 βασιλέως
816 2177 1029 2264 συγκρύπτειν
1060 2177 1250 2263 ἐπιβουλὴν,
1275 2176 1371 2242 τόντε

297 2273 470 2368 ἀνθρωπσν
493 2279 626 2372 μηνόειν
646 2283 702 2344 καί
719 2277 777 2363 τὴν
795 2277 933 2364 γνώμην.
965 2278 1128 2362 Σκαράνσς
1148 2281 1209 2357 μὲν
1229 2269 1285 2342 σόν
1304 2276 1406 2339 αόιί-σο

296 2405 337 2446 να
368 2378 648 2464 συνελαμβάνετο,
678 2375 886 2453 κελεύσαντος
917 2378 1092 2460 βασιλέως·
1133 2371 1283 2457 ἀγόμενον
1301 2371 1376 2440 δὲοὶ

267 2522 274 2534 ·
296 2479 373 2568 περί
393 2483 530 2564 βασιλέα
554 2475 700 2566 ἀρμηντο
721 2477 868 2566 ἀνελεῖν,
888 2473 1040 2562 βασιλείας
1061 2479 1096 2544 δὲ
1118 2475 1297 2564 ἤπειλησεν,
1316 2475 1378 2539 dar-

367 2627 581 2701 pmwffi

298 2761 483 2817 vastationem
515 2775 544 2812 se
577 2757 718 2814 dederent.
767 2758 914 2826 Biryenses
949 2759 1041 2832 neone
1066 2774 1096 2812 se
1122 2760 1219 2814 orbern
1254 2759 1377 2814 dedituros

299 2831 436 2900 spondere
450 2869 459 2892 ‚
472 2845 565 2902 neque
582 2830 620 2882 ad
640 2831 783 2884 solennem
810 2831 1011 2898 impudentiam
1036 2838 1064 2885 et
1091 2831 1270 2884 contumeliae
1294 2829 1378 2880 conic-

299 2919 381 2972 gato,
407 2899 456 2953 sed
482 2901 650 2970 legationem
675 2900 792 2954 honeste
822 2901 1002 2972 modesteque
1038 2903 1163 2954 reiicere.
1208 2904 1287 2954 listas
1302 2907 1378 2952 antem

301 2978 465 3041 imperator,
489 2970 659 3042 agnitionem
678 2971 806 3024 beneficii
824 2973 992 3042 principium
1016 2972 1168 3026 deditionis
1189 2971 1265 3034 lore,
1290 2969 1378 3044 (absm-

299 3043 385 3098 vabat
402 3041 476 3094 enim
494 3049 606 3113 propter
623 3041 812 3094 assiduitatem
847 3043 1037 3097 incursionum
1068 3044 1298 3114 vexationumque
1320 3057 1379 3110 paa-

298 3116 379 3168 latim
400 3127 446 3165 eos
468 3113 502 3164 de
521 3113 673 3180 pertinacia
692 3115 832 3166 remittere
849 3128 881 3162 ac
899 3115 1019 3184 cedere,)
1039 3117 1191 3166 exercitum
1210 3130 1288 3185 quam
1304 3111 1379 3164 celer-

301 3187 372 3237 rime
399 3182 597 3236 removendum
623 3184 747 3247 censuit,
773 3193 806 3236 ut
829 3200 921 3254 aeque
940 3185 1014 3254 regio
1044 3193 1199 3237 vastaretur
1252 3185 1309 3236 aulo
1327 3189 1382 3251 port

300 3258 332 3309 in
352 3263 429 3306 mam
445 3253 580 3325 ditipncm
601 3261 739 3318 reaturo,
758 3261 788 3306 et
813 3255 869 3322 ipsi
887 3257 1061 3308 securitatem
1081 3255 1178 3326 adepti
1206 3202 1318 3308 salubria
1333 3251 1380 3304 sibi

301 3323 521 3387 meditarentur,
541 3330 570 3376 et
587 3323 674 3392 Apros
692 3324 812 3376 revertit

373 3411 417 3465 γρ.
452 3393 533 3464 Apris
557 3393 700 3464 degentem
726 3396 822 3447 Amzas
851 3393 963 3466 quidam
991 3394 1103 3458 adiens,
1132 3413 1162 3449 se
1191 3411 1254 3448 cnm
1278 3391 1381 3466 quodam

304 3464 424 3520 Serrano
446 3465 586 3532 appellato
612 3465 698 3533 paulo
724 3473 788 3516 ante
815 3466 945 3535 Byzantio
969 3465 1125 3535 profugisse
1152 3468 1270 3524 nuntiat.
1308 3467 1340 3518 Ac
1356 3479 1380 3514 ac

304 3535 421 3606 quidem
448 3535 516 3590 citra
543 3533 637 3588 dolum
657 3543 685 3586 et
701 3535 881 3588 calliditatem
902 3533 1046 3601 advenire,
1074 3537 1222 3588 Serranum
1242 3537 1380 3594 nonitem,

304 3607 355 3660 sed
379 3606 474 3657 multis
504 3603 755 3674 pollicitationibus
779 3621 810 3656 ac
835 3606 996 3660 muneribus
1013 3625 1030 3658 a
1049 3623 1148 3675 magno
1174 3607 1243 3659 duce
1264 3607 1381 3664 ilicetum,

304 3677 330 3728 ai
355 3677 446 3746 ipsum
481 3676 676 3746 imperatorem
707 3675 861 3730 occidisset.
920 3676 1045 3730 Eundem
1071 3678 1220 3731 Scarannm
1247 3683 1381 3748 sperantem

304 3747 396 3816 ipsum
412 3745 468 3800 sibl
485 3745 521 3798 ad
538 3745 649 3798 caedem
668 3748 809 3817 intrepide
828 3745 983 3802 obeundam
1004 3755 1120 3818 propter
1147 3748 1255 3818 generis
1277 3761 1381 3799 commn-

305 3817 418 3868 nionem
446 3817 517 3886 (erat
543 3816 618 3868 enim
642 3818 738 3870 Amnes
758 3835 870 3889 quoque
888 3819 980 3886 Persa)
997 3819 1153 3872 adiutorem
1171 3817 1247 3882 iore,
1271 3833 1382 3870 arcannm

306 3887 456 3954 aperuisse.
499 3887 549 3950 Se,
574 3887 649 3956 quod
668 3886 783 3941 insidias
802 3897 899 3943 contra
918 3889 1111 3960 imperatorem
1129 3890 1278 3942 intentatas
1296 3886 1382 3939 habere

306 3958 402 4007 tacitas
429 3957 613 4025 periculosum
638 3959 789 4020 iudicaret,
815 3959 955 4028 hominem
981 3968 1009 4012 et
1026 3961 1258 4012 machinationem
1276 3958 1328 4010 eins
1345 3957 1382 4006 in·

216 4051 225 4088 .·
307 4025 400 4078 dicare
417 4029 543 4080 voluisse.
581 4027 714 4081 Serranus
733 4030 906 4097 imperatoris
927 4033 1002 4082 iussu
1022 4032 1162 4100 externplo
1189 4025 1382 4100 comprehendi·

308 4103 368 4148 tur:
388 4097 436 4168 qui
460 4113 520 4148 eum
544 4096 700 4163 duceretur,
725 4102 774 4169 qui
793 4100 947 4164 adstabant,
966 4101 999 4152 ad
1019 4119 1081 4154 eum
1101 4099 1292 4153 trucidandum
1307 4098 1383 4166 prosi·

306 4165 390 4225 iuras
425 4165 499 4225 Tum
518 4169 665 4241 imperator
683 4171 885 4230 interfectorem
906 4171 993 4226 hortis
1012 4173 1056 4226 sui
1079 4171 1141 4225 loco
1165 4171 1317 4226 habiturum
1338 4167 1382 4220 ni·
