2894 4936
354 309 639 380 ms'rommuu
668 305 724 370 m.
752 301 805 373 σε.
1014 258 1099 364 413

142 461 483 542 -“·,··ιοι’πν,βσυλύμενος
496 458 679 522 ἐνίστασθαι
698 449 841 534 ,δοκεῖτέ
855 447 932 528 μοι”
947 442 1009 532 ἔφη
1029 455 1251 527 „umbe-»134³

55 525 138 600 um
149 541 243 598 μονον
257 539 339 580 “m
353 556 421 586 Μ’*
438 563 469 604 ³¹¹
494 563 581 624 οιλοι
598 547 785 626 distillante.
807 549 837 612 εἰ
856 545 917 630 γάρ
948 543 992 627 μή
1015 547 1106 608 τοῦτο

55 610 93 699 η’ν,
105 616 154 680 ούκ
166 612 204 682 δυ
217 611 314 693 οὕτως
327 641 384 700 ητε
399 613 531 700 πόριμοι
543 644 609 730 μη,
622 652 685 714 ,ης
697 654 755 726 μὲ,
770 650 824 714 m·
838 643 1007 728 ἐπιβουλὰς
1021 647 1124 721 55qu

55 719 152 796 ρίοκιιν
168 715 247 782 κατά
272 718 333 808 τῶν
353 719 524 797 πολεμίων,
546 739 584 801 τη
600 737 635 776 τε
654 719 775 800 μλαιτιη
792 746 946 810 ΜΝ,
969 745 1110 831 affl&

40 813 117 898 δορός
132 812 257 900 ύβρεις,
278 811 384 901 ῶσπερ
408 812 462 880 διά
480 817 572 879 τοῦτο
585 811 703 897 ταύτην
723 811 914 896 κεκτημένοι,
936 843 987 886 ...ι
1005 847 1111 908 πᾶσα,

56 909 133 999 άλλην
152 915 402 996 ἐπιδεικνύμενοι
424 912 593 996 πονηρίαν,
625 916 687 978 τῶν
708 915 743 977 δὲ
765 915 870 998 φιλοις
889 910 1135 997 προσηκόντισας.

54 1016 232 1096 ἐπιστάμενοι
244 1017 347 1084 ου’δίν.
368 1009 444 1080 ὅθεν
460 1009 520 1077 όπό
533 1015 590 1095 τῆς
607 1006 688 1096 ἄγαν
700 1015 774 1097 περὶ
789 1014 890 1076 ταῦτα
907 1013 1054 1097 ἀπειρίας
1066 1014 1122 1079 καί

52 1118 97 1178 τού
114 1117 188 1196 ἐμοῦ
210 1113 366 1182 δεσπότου
388 1108 613 1197 κατηγορηκατε
635 1113 785 1192 α’δοξίαν,
817 1106 865 1175 ὅτι
884 1108 963 1195 πρός
983 1111 1041 1198 την
1060 1117 1121 1195 βα·

52 1215 145 1288 πλέοις
158 1213 274 1298 σκηνην
287 1212 414 1294 slsum
432 1210 494 1278 α’πό
515 1214 578 1276 τῶν
598 1203 866 1293 ἐπιβουλευόντων
878 1212 1001 1277 πολλῶν
1024 1206 1121 1277 ὄντων

32 1313 202 1394 ιιύρρυπνῶν
225 1310 420 1399 ἐφύλαττεν,
450 1309 515 1402 ύπὸ
538 1313 593 1394 τῆς
613 1309 688 1394 περὶ
704 1314 837 1392 βασιλέα
858 1307 1035 1392 ἡττώμενος
1066 1313 1121 1376 εύ-

50 1413 120 1486 νοίας
139 1412 194 1476 κατ’
216 1408 316 1476 πάθει
341 1409 427 1499 μόνῳ
452 1414 514 1476 τῶν
539 1409 670 1474 Ιπάντων
696 1412 811 1473 παθῶν
841 1406 959 1497 ἡδίστην
989 1435 1020 1474 τε
1052 1406 1120 1492 ἅμα

49 1513 92 1572 ναί
108 1513 233 1598 ζηλωτηῑ
262 1511 505 1588 δεδουλωμένος.
549 1503 699 1592 ἐρωτήσω
731 1511 766 1572 δὲ
796 1505 899 1589 ὑμεῖς,
928 1509 974 1582 τίς
997 1512 1121 1589 βέλτιον

48 1611 109 1691 περί
118 1633 150 1674 τε
166 1607 201 1674 τό
218 1608 374 1692 προσῆκον
385 1606 441 1670 καί
460 1604 496 1668 τὸ
521 1607 642 1668 δίκαιον
652 1609 707 1667 καί
727 1604 806 1684 πρός
824 1611 1006 1691 φιλοτιμίαν
1027 1610 1122 1689 ἐβου-

48 1703 183 1787 λεύσατο,
206 1702 370 1790 σατράπης
390 1705 407 1768 ό
432 1701 507 1784 ἐμὸς
529 1696 695 1786 δεσπότης,
716 1699 752 1776 ὃς
773 1706 829 1785 τῆς
846 1703 890 1778 εἰς
909 1711 1044 1784 βασιλέα
1058 1707 1123 1772 ἓνε-

20 1813 79 1874 ι5κα
97 1807 204 1891 φιλίας
225 1807 371 1870 τοσούτου
396 1804 493 1870 είλετο
515 1797 610 1866 πόνον
631 1800 686 1866 καί
705 1799 856 1882 α’δσξιλιν,
877 1801 920 1876 ῶς
943 1803 1032 1882 ὑμεῖς
1048 1801 1122 1889 φα.

44 1928 88 1985 ιε,
110 1899 129 1987 ἢ
149 1905 262 1986 ύμεῖς,·
286 1906 318 1968 οἳ
335 1907 459 1967 πολλῶν
480 1905 536 1966 καί
549 1898 694 1983 μεγάλων
709 1900 954 1976 α’πολελαυκάτες
966 1909 1122 1984 βασιλέως
1147 1895 1149 1901 ’

43 2003 305 2088 εὐεργετημάτων,
327 1999 435 2067 ἔπειτα
454 2002 581 2066 πάντων
594 1995 700 2085 ῶσπερ
723 2002 955 2084 ἐπιλελησμένοι
978 2002 1033 2068 καί
1045 2010 1152 2074 πολ-ι)

42 2101 89 2184 islo
119 2100 351 2181 ἐπιδειξάμενοι
381 2102 611 2184 ἀγνωμοσύνην
638 2102 695 2164 καί
719 2101 926 2184 α’χαριστίαν,
956 2103 1121 2183 διαβολαῖς

40 2202 225 2284 χρησάμενοι
257 2203 312 2266 καί
338 2201 582 2286 συκοφαντίαις,
611 2196 667 2264 τόν
697 2196 834 2278 πόλεμον
863 2197 1044 2284 κεκινηκατε
1064 2203 1119 2268 τόν

18 2304 125 2382 ιομέχρι
147 2323 181 2364 τε
213 2300 270 2364 νῦν
290 2300 412 2364 πολλῶν
442 2301 545 2360 κακῶν
567 2294 670 2362 αἴτιον
699 2293 864 2380 γενόμενον
891 2300 966 2380 ύμῖν
993 2305 1049 2384 καί
1070 2299 1120 2366 ἔτι

38 2395 180 2477 μειζόνων
188 2449 200 2480 ,
213 2397 268 2473 ῶς
291 2396 373 2480 ὁρῶ,
399 2394 565 2477 ἐσόμενον·
595 2395 651 2461 καί
669 2393 739 2462 οὔδ’
759 2396 835 2463 αύτδ
859 2401 950 2464 τοῦτο
969 2404 1046 2482 γοῦν
1068 2403 1120 2466 αι’-

39 2497 219 2578 σδαιύμενοι
228 2545 242 2578 ,
265 2492 369 2580 ῶσπερ
395 2491 424 2559 oi
438 2494 642 2576 μαινόμενοι,
666 2491 718 2560 δτι
738 2495 796 2572 τάς
816 2491 900 2574 ι’δάις
920 2496 1042 2582 σάρκας
1061 2525 1122 2594 καῖ

36 2598 176 2663 τεσδίετε.
207 2589 229 2680 ἢ
250 2594 361 2678 δῆλον,
396 2590 441 2670 ῶς
462 2595 579 2670 ἐκεῖνος
596 2595 657 2676 μὲν
676 2597 822 2678 γενναίου
843 2595 900 2662 καί
918 2594 1119 2684 μεγαλόφρο-

37 2799 112 2849 etiam
137 2795 280 2868 stipendia
308 2797 364 2850 suis
397 2796 502 2849 tamdiu
531 2797 666 2850 militibus
688 2798 815 2859 solvere,
834 2809 967 2872 quantum
985 2801 1120 2857 debeatur

37 2866 183 2936 largituros.
227 2867 303 2920 llaec
338 2883 450 2936 magnus
479 2867 536 2918 διιιτ
566 2869 655 2937 legato
684 2867 835 2936 respoudit.
876 2869 1118 2926 verumenimvero

36 2935 162 2992 barbarus
180 2938 286 2990 domiui
305 2937 545 3007 reprehensionem
563 2955 619 2989 uou
638 2939 744 2999 serena,
761 2938 900 2992 videmini
919 2942 997 3004 mihi,
1014 2943 1118 3013 inqiut,

34 3016 135 3062 tantum
157 3007 251 3062 odisse
269 3011 384 3068 multos,
403 3008 519 3076 diligere
537 3009 686 3058 nemiuem.
724 3007 807 3076 Quod
827 3010 850 3059 si
868 3026 944 3062 secus
963 3021 1042 3073 esset,
1061 3030 1118 3064 nou

36 3077 70 3129 ita
89 3081 122 3132 ad
147 3080 287 3131 ruaehiuas
314 3087 341 3132 et
360 3077 475 3130 iusidias
495 3085 589 3128 eontra
607 3077 698 3129 hostes
717 3081 908 3148 excogitandas
929 3081 1051 3148 expediti
1074 3097 1118 3134 es-

34 3151 109 3213 setis,
135 3151 232 3218 liugua
262 3150 329 3216 larpi
348 3147 383 3200 sd
400 3148 597 3210 contumelias,
621 3147 676 3200 aeai
701 3147 765 3200 ideo
796 3165 855 3200 eam
873 3151 1063 3219 possideretis,
1089 3158 1119 3205 et

36 3235 110 3273 omae
128 3237 217 3290 genua
235 3220 421 3290 nequitiarum
440 3227 612 3278 exercentes,
641 3220 789 3270 amicorum
808 3228 899 3272 autam
919 3221 1005 3273 ollieia
1023 3220 1119 3272 lundi-

34 3296 73 3340 tus
100 3291 264 3342 nescientes.
309 3289 376 3341 Prae
400 3288 497 3340 borum
524 3305 619 3356 magna
643 3290 779 3357 imperitia
807 3289 946 3344 domiuum
967 3307 1057 3344 meum
1077 3291 1118 3342 rei

34 3359 173 3413 euiusslan
200 3360 306 3414 servilis
329 3368 358 3411 et
380 3359 513 3428 ingloriae
540 3361 701 3420 accersastis,
724 3360 800 3430 quod
823 3359 1030 3430 imperatorem,
1052 3371 1117 3415 auto

34 3433 88 3482 eius
115 3429 328 3483 tabernaculum
355 3429 511 3490 excubans,
538 3428 573 3480 ab
603 3429 826 3491 insidiatoribus,
852 3434 900 3500 qui
925 3435 1005 3486 urulti
1030 3445 1118 3494 erant,

33 3501 212 3564 custodierit,
238 3501 325 3552 victus
352 3499 457 3554 scilieet
482 3517 575 3552 amore
595 3501 670 3552 illius
702 3509 731 3552 et
756 3503 900 3552 allectione
918 3504 975 3556 sola
996 3502 1116 3555 σινοίατο

32 3575 208 3624 allectionem
235 3569 431 3624 iucundissima
460 3577 488 3622 et
514 3569 549 3620 ab
568 3571 695 3622 omuibus
723 3572 874 3639 expetenda
899 3574 1035 3626 subactus.
1071 3574 1118 3622 lu-

33 3641 177 3712 terrogabo
203 3651 294 3694 autem
323 3655 385 3704 vos,
404 3642 579 3692 utermelius
598 3642 632 3692 sle
652 3640 751 3693 decoro
770 3641 850 3694 etde
869 3641 941 3696 iusto
970 3650 998 3695 et
1023 3643 1116 3694 hono-

32 3713 104 3764 rifico
131 3713 237 3775 sensit,
265 3722 371 3780 satrapa
397 3710 523 3762 dominus
543 3728 632 3774 meris,
658 3714 706 3780 qui
737 3727 768 3762 ex
786 3714 906 3764 amicitia
930 3721 1037 3766 tautum
1070 3716 1142 3782 pro'

33 3781 199 3852 imperatore
224 3782 346 3834 laborem
371 3790 399 3832 et
422 3781 540 3834 dedecus
567 3782 725 3850 capessivit,
754 3793 784 3834 ut
805 3783 913 3844 dicitis,
935 3799 970 3834 εει
989 3800 1050 3846 vos,
1069 3785 1118 3853 qul

32 3853 222 3920 compluribus
240 3861 269 3904 et
290 3851 488 3906 excellentibus
507 3851 649 3903 benefieiis
667 3854 702 3902 ab
722 3869 753 3904 eo
770 3853 980 3906 affecitdniurle
996 3855 1118 3906 omnium

31 3925 106 3974 salut
132 3923 232 3984 obliti,
263 3941 312 3994 per
339 3921 542 3989 improbitatem
563 3932 591 3973 et
616 3924 712 3992 ingrati
737 3923 822 3974 animi
849 3924 962 3986 vitium,
988 3923 1071 3976 immo
1092 3935 1121 3976 et

31 4007 77 4060 per
97 3995 252 4047 calumnias
270 4001 298 4044 et
315 3992 506 4059 sycophantias
527 3991 630 4042 bellum
655 3996 808 4054 excitastis,
838 3993 1018 4064 quotiesque
1037 3995 1120 4046 hodie

32 4071 72 4114 tut
98 4067 181 4116 mulis
208 4081 254 4116 ros
278 4048 440 4124 orriirulavit,
467 4069 495 4113 et
516 4072 649 4132 quantum
668 4082 800 4131 augurior,
820 4063 945 4130 pluribus
962 4065 1122 4117 ciimulsbtn

30 4131 84 4184 διε
105 4133 161 4188 hoe
181 4135 276 4188 saltem
295 4132 532 4192 animadvertitis,
551 4142 580 4188 ut
598 4134 688 4184 insani
705 4133 848 4191 videlieet.
869 4135 1009 4204 quomodo
1028 4145 1122 4190 carnes

30 4211 134 4257 uestras
162 4204 216 4275 ipsi
243 4202 390 4278 devoretis.
438 4203 481 4257 Aa
510 4203 613 4256 clarum
638 4212 698 4267 est,
728 4207 816 4272 ipsum
835 4205 947 4274 quidem
973 4209 1122 4278 ingenuum
