2926 4940
335 314 418 417 146
728 333 1010 426 muttum!

180 497 244 554 tc·
258 499 319 570 ιδίι
332 493 367 560 τὸ
387 486 476 578 ἦδος,
497 495 547 582 λη’
569 492 658 576 iper
678 493 838 571 διεξιέναι.
881 487 952 556 έπεδ
961 492 993 556 δ’
1007 491 1044 556 έκ
1055 485 1181 577 πραότης
1197 482 1322 572 ἡλικίας
1336 478 1407 568 δγρι

297 595 387 659 ovis
406 589 446 656 οδ
466 597 541 678 παρ’
561 590 640 672 ints
658 585 886 674 ἐπολιτευόμην
904 583 1011 670 μόνον,
1032 583 1113 653 α’λλό
1133 586 1189 654 καί
1207 583 1267 670 τόν
1282 585 1409 665 Ῥωμαι-

327 717 373 756 ων
390 689 496 775 ἀρχὴν
518 687 652 778 διιριιουν
673 687 754 771 μετὰ
774 687 922 770 βασιλέα,
944 687 978 767 ἔξ
998 681 1134 771 ότουιιερ
1156 687 1273 760 έκεῖνος
1287 683 1408 766 κατέστη

327 789 406 876 πρός
428 789 545 872 αὐτόν,
573 789 628 876 ὑφ’
651 781 688 874 ἦς
709 793 791 870 ε’μοό
809 791 905 852 πᾶσιν
927 781 1127 870 &patritiae
1146 779 1169 869 ἢ
1187 786 1331 868 χείρονος
1351 801 1410 844 πει-

328 895 452 974 ρᾶσθαι
481 889 678 972 παρέχεσθαι
709 884 944 972 η’ναγκαζόμην,
977 887 1038 967 οδχ
1058 876 1151 969 ἦττον
1180 877 1219 950 όν
1238 905 1296 966 μοι
1317 889 1426 952 σοντι-5

328 992 429 1074 δείητε
455 987 511 1052 καί
539 989 633 1053 niret
661 987 716 1053 τόν
744 987 880 1070 τρόπον,
903 980 924 1071 ἢ
945 979 1043 1062 αότός
1063 987 1202 1072 ἐμαυτῷ.
1245 978 1323 1048 ὅθεν
1344 979 1410 1044 ortt&

325 1091 384 1152 τοῦ
418 1090 568 1173 προτέρου
594 1091 667 1168 βίου
689 1091 816 1166 πλείονα
838 1081 1012 1168 ποιήσομαι
1032 1081 1090 1148 τόν
1110 1083 1215 1166 λόγον,
1236 1082 1347 1168 α’ρέέιίς
1365 1077 1412 1144 τιό

326 1189 456 1262 δικαίως
478 1187 740 1266 πεπολιτευμένον
759 1190 837 1269 παρ’
858 1185 935 1266 όμϊν
955 1181 1094 1266 ἐμαυτόν
1113 1180 1322 1264 α’ποδεικνός,
1342 1202 1411 1244 σαν-

324 1311 368 1350 τα
397 1291 511 1372 σαφῶς
539 1283 578 1350 τό
609 1284 750 1371 ἡμέτερα
780 1278 909 1350 εἰδόσιν.
951 1287 1011 1359 ἓως
1030 1287 1090 1363 μὲν
1110 1276 1170 1346 oda
1190 1283 1303 1365 περιῆν
1323 1277 1341 1342 ό
1359 1283 1411 1360 βα-

326 1383 454 1467 σιλεδς,
484 1383 602 1462 έκεῖνός
629 1408 664 1450 τε
686 1382 759 1468 ἐμοὶ
784 1381 902 1468 πολλὴν
923 1385 958 1450 ἓν
978 1391 1045 1458 τοῖς
1063 1379 1230 1469 πράγμασι
1252 1377 1439 1464 παροίχεται

229 1499 258 1554 Ρ.
269 1483 385 1572 insede
408 1483 509 1570 ῥοπὴν
529 1487 585 1550 καί
603 1485 709 1548 κιόντα
738 1477 799 1567 οόχ
829 1475 924 1567 ἦττον
951 1477 974 1568 ἢ
1001 1479 1106 1571 ἓαυτρῖ
1135 1482 1191 1546 κατ’
1216 1476 1410 1561 τόμέγιστα

325 1587 477 1666 ἐπέτρεπε
499 1585 639 1648 διοικεῖν.
688 1579 750 1665 έγοό
773 1606 807 1646 τε
828 1582 885 1667 τὴν
906 1581 978 1668 ἴσην
1000 1573 1126 1646 eisarna
1146 1574 1348 1666 παρειχόμην
1365 1575 1412 1638 καί

324 1681 479 1766 σπουδὴν,
500 1678 562 1746 ὅσα
584 1685 720 1768 προσῆκε
738 1679 795 1746 τόν
815 1679 1008 1767 φιλοόμενον
1021 1688 1131 1764 ποιεῖν,
1152 1679 1246 1746 οὐδέν
1260 1680 1411 1742 ε’λλείιιοιν.

325 1783 396 1848 ἒπεί
415 1785 456 1863 δ’,
479 1776 562 1846 odem
587 1781 680 1855 δόξαν
700 1782 744 1870 τῷ
764 1779 804 1844 τό
827 1783 902 1868 τῇδε
922 1777 1023 1844 ιιόνια
1044 1782 1226 1860 διοικοῦντι,
1244 1781 1279 1855 ἐξ
1295 1773 1410 1860 διθρό-

325 1903 394 1944 πων
408 1882 530 1964 ἐγένετο
551 1881 686 1962 ἐκεῖνος,
708 1876 769 1964 tyni
794 1882 853 1961 μὲν
874 1878 968 1944 οὐδὲν
988 1881 1093 1965 ἓτερον
1115 1875 1303 1962 ἐλογιζόμην
1323 1876 1436 1958 προσ-ιδ

326 1979 413 2062 η’κειν
442 1981 582 2067 έμαυτηῖ,
610 1971 632 2062 ἢ
660 1982 716 2064 τῆς
738 1981 784 2055 εἰς
803 1983 920 2045 ἐκεῖνον
941 1980 1066 2056 εδνοίας
1087 1983 1201 2062 δεῖγμα
1222 1980 1409 2062 σαφέστατον

324 2077 385 2162 την
412 2079 457 2154 εἰς
484 2077 559 2155 rode
579 2081 697 2154 παῖδας
721 2074 874 2165 πρόνοιαν
894 2077 950 2144 καί
964 2080 1118 2161 βασιλίδα
1138 2076 1197 2163 τὴν
1219 2077 1341 2141 ἐκείνου
1359 2097 1408 2156 γα-

325 2176 424 2262 μετήν
455 2179 630 2260 ἐξενεγκεῖν.
680 2180 738 2241 καί
758 2175 915 2244 διετέλεσό
936 2203 972 2262 γε
992 2174 1072 2260 μετδ
1093 2174 1151 2261 την
1171 2177 1291 2240 έκείνου
1312 2181 1408 2239 τελευ-

306 2275 384 2362 ’τὴν
407 2270 486 2362 ἄχρι
507 2280 565 2342 νῦν
588 2269 682 2340 οόδὲν
702 2279 766 2340 τῶν
786 2273 924 2343 δεόντων
943 2279 1158 2360 παραλείπων,
1181 2271 1263 2339 ἀλλὰ
1287 2272 1340 2336 καί
1355 2267 1407 2335 uni·

222 2379 256 2434 V·
267 2378 316 2449 iit
324 2396 424 2456 ματος
453 2371 509 2438 καί
521 2374 694 2460 χρημάτων
714 2378 857 2462 α’φειδιιῖν
877 2379 934 2442 καί
951 2378 1055 2443 πάντα
1075 2373 1222 2461 πράττων
1242 2371 1299 2437 καί
1315 2391 1435 2456 μηχα-ιο
1460 2427 1461 2455 ,

301 2473 470 2556 Βνιόμενος
500 2475 556 2538 ἐπί
583 2477 627 2563 τῷ
654 2474 884 2556 συνδιασώζειν
911 2477 1040 2552 ἐκείνοις
1061 2475 1120 2560 την
1140 2470 1257 2560 ἀρχήν.
1298 2473 1336 2538 οδ
1354 2467 1407 2554 μην

325 2571 398 2638 οὐδ’
419 2564 498 2659 όχρι
519 2576 576 2640 νῦν
593 2577 653 2657 μὲν
675 2573 782 2660 ὀρθῶς
802 2577 858 2640 καί
875 2575 1006 2650 δικαίους
1026 2569 1266 2658 ἐπολιτευόμην,
1289 2568 1406 2656 ὕστερον
1459 2607 1460 2659 p

325 2805 416 2844 meum
444 2789 521 2842 vobis
547 2791 719 2862 explicarem.
757 2791 811 2845 Sed
836 2793 968 2865 quoniam
991 2812 1007 2847 a
1029 2793 1180 2862 primordio
1205 2795 1303 2848 aetalia
1327 2809 1403 2864 uarpre

324 2859 431 2914 adhoc
449 2869 557 2930 tompus
577 2879 632 2914 non
650 2864 739 2914 solum
758 2863 831 2934 apud
849 2881 895 2917 vos
912 2867 1010 2918 vestris
1023 2863 1130 2935 legibus
1145 2867 1334 2936 institutisque
1347 2865 1402 2926 aial,

324 2930 374 2984 aed
392 2933 574 2985 Romanorum
596 2948 708 3004 quoque
728 2936 873 3003 imperium
891 2935 1041 2988 secundum
1068 2937 1259 3006 imperatorem
1280 2935 1352 2998 reni,
1376 2951 1402 2984 ea

325 3019 381 3072 quo
399 3001 428 3054 id
441 3002 489 3054 ille
507 3003 631 3071 accepit,
661 3005 774 3074 (inquo
796 3014 998 3068 eoactuaaom,
1027 3021 1071 3060 nse
1089 3013 1137 3058 ant
1161 3007 1348 3078 benigniorem
1364 3011 1404 3056 aut
1457 3015 1458 3064 l

325 3073 487 3125 severiorem
506 3073 705 3141 experiundum
729 3076 863 3144 praebere
884 3078 1025 3148 omnibus)
1049 3093 1105 3129 non
1132 3078 1223 3130 miuus
1251 3093 1298 3130 nos
1324 3075 1403 3216 qualit

325 3142 397 3207 aim,
420 3158 502 3214 ηυιιιι
522 3153 631 3212 egomet
650 3145 732 3212 ipae,
760 3147 899 3216 cognitum
917 3154 1145 3219 perspectumque
1171 3149 1288 3201 habetis.
1349 3159 1404 3197 aare

323 3229 377 3266 nee
396 3213 430 3266 de
448 3220 572 3265 anteacta
598 3217 654 3266 vita
680 3231 740 3268 mea
766 3219 844 3289 plura
870 3218 976 3282 dicam,
999 3225 1031 3270 ut
1053 3217 1163 3271 doceam
1195 3221 1340 3280 nimirum,
1367 3229 1403 3268 me
1456 3231 1457 3269 l

324 3281 442 3337 honeste
460 3299 492 3336 ao
517 3284 587 3334 iuste
612 3285 684 3338 inter
708 3301 756 3339 vos
780 3289 899 3350 viniese,
926 3286 1037 3360 quando
1062 3288 1174 3361 quidem
1202 3297 1296 3342 nostra
1324 3287 1401 3340 omnia

324 3355 469 3438 perspicue
487 3355 580 3406 nostia.
619 3355 759 3426 Quamdiu
776 3358 860 3428 igitur
873 3359 1009 3428 superfuit
1025 3359 1188 3428 imperator,
1207 3361 1296 3414 multo
1313 3376 1352 3411 me
1368 3371 1402 3407 res

323 3441 361 3476 sm
384 3425 433 3476 orii
460 3425 657 3492 gubernantem
683 3443 773 3479 amore
797 3437 955 3498 prosecutus
974 3438 1034 3493 eat,
1060 3446 1111 3482 nee
1131 3429 1214 3495 magia
1238 3429 1308 3492 sibi,
1333 3443 1402 3512 quam
1455 3435 1456 3473 l

323 3497 360 3550 na·
383 3497 519 3556 iomnia,
546 3498 670 3568 quemvis
687 3500 785 3549 summi
811 3503 957 3562 momenti,
982 3499 1101 3569 regenda
1120 3501 1254 3568 permisit
1297 3501 1344 3554 Cur
1361 3509 1401 3562 ego

325 3567 355 3623 in
375 3581 468 3618 amore
487 3581 519 3616 ae
544 3567 636 3620 studio
659 3568 874 3637 respondebam,
906 3585 995 3623 neca
1022 3587 1066 3620 me
1085 3570 1202 3625 officium
1230 3571 1316 3623 ullum
1339 3569 1402 3621 desl-

325 3635 416 3694 derari
445 3637 585 3704 patiebar,
618 3638 692 3704 quod
717 3643 764 3707 qui
790 3640 930 3709 diligitur,
957 3655 986 3693 aa
1012 3641 1139 3710 diligenti
1162 3651 1297 3710 praestare
1323 3639 1401 3692 debet
1454 3661 1455 3677 ι

324 3707 473 3777 Postquam
501 3717 591 3760 autem
620 3709 668 3759 ille
691 3717 760 3760 nutu
785 3727 816 3762 ae
839 3711 982 3763 voluntate
1004 3713 1131 3764 universa
1153 3711 1318 3765 moderantis
1344 3707 1401 3768 Del·

327 3781 401 3833 inter
422 3777 547 3830 homines
567 3795 626 3832 ease
642 3777 742 3844 desiit,
775 3779 803 3831 id
828 3783 915 3832 solum
936 3783 1040 3850 negotii
1062 3780 1206 3834 credebam
1223 3783 1292 3834 mibi
1311 3781 1400 3838 datum,

324 3855 357 3904 ut
375 3846 607 3902 evidentissimum
623 3851 677 3900 mei
696 3866 757 3919 erga
769 3851 857 3919 ipaum
871 3853 969 3906 amoris
986 3860 1186 3922 argumentum,
1208 3851 1400 3905 solicitudinem

324 3927 408 3990 atque
438 3933 528 3970 curam
554 3923 582 3971 iu
606 3919 708 3972 liberos
734 3930 762 3974 et
787 3923 927 3989 coniugem
951 3920 1010 3973 elus
1035 3923 1154 3982 ederem.
1190 3923 1225 3976 Et
1247 3921 1352 3996 quidem
1370 3915 1399 3968 ab

325 3991 385 4042 eiua
409 3987 488 4040 obitu
507 3990 662 4062 usquehuc
680 3990 753 4042 nilril
773 3993 963 4060 praetermisi,
986 3991 1034 4044 sed
1051 4009 1102 4046 neo
1121 3993 1229 4061 corpori
1253 4009 1313 4046 meo
1328 4003 1400 4062 peeo-

323 4059 413 4112 niiave
430 4062 541 4128 peperci
563 4059 691 4130 nihilque
717 4077 772 4114 uon
792 4059 844 4111 feei
866 4071 892 4115 et
915 4063 1035 4126 tentavi,
1062 4073 1093 4116 ut
1109 4064 1165 4115 illis
1184 4066 1327 4132 imperium
1345 4074 1399 4110 con·

323 4143 467 4183 servarem.
516 4127 612 4200 Neque
636 4147 700 4184 vero
730 4149 791 4192 eum
824 4130 958 4185 hactenus
982 4149 1031 4200 pro
1061 4151 1094 4186 eo
1120 4152 1152 4186 ae
1180 4134 1266 4187 debui
1293 4131 1397 4186 fideliter

324 4199 453 4270 iusteque
476 4200 658 4268 praefuerint,
691 4201 800 4254 demum
818 4203 1007 4270 magnitudine
1027 4207 1172 4276 potestatis
1193 4205 1316 4262 inflatus.
1338 4195 1402 4252 mild-

323 4267 474 4325 llomanum
497 4269 643 4340 imperium
667 4279 818 4326 asserturus
840 4281 869 4327 et
887 4289 1034 4345 personam
1058 4275 1139 4330 iatam
1161 4273 1193 4328 in
1210 4271 1397 4350 imperatoriam
1451 4279 1452 4289 ¹
