2886 4948
353 319 438 424 340
751 345 1032 414 ῦλΝΤλῦυῑΕΝι

201 507 264 576 bc.
278 493 484 582 stisi'leilpoc
511 495 661 562 ἐλλείπων
691 497 759 560 κατ’
796 497 898 563 ου’δέν.
940 489 957 558 si
987 495 1023 557 δέ
1040 495 1098 578 τῆς
1124 489 1247 566 πόλεως
1268 489 1406 574 ἀρχιερεύς
1434 515 1435 568 j

305 638 308 646 ·
348 595 432 682 ὅριύν
460 591 521 681 ἤδη
550 597 773 676 κλονουμένους
794 593 849 659 καί
878 593 957 679 πρὸς
984 591 1042 678 την
1069 587 1251 678 ύπερβολην
1276 595 1328 676 τῆς
1353 595 1410 654 δυτ-

343 700 480 782 ττραγίας
495 692 696 775 ἐνδιδόντας,
726 692 896 778 παρελθών
916 693 960 768 εἰς
979 697 1117 773 μέσους,
1140 689 1357 776 παρεθάρρυνε
1373 691 1412 752 soi

346 799 404 862 ουίι
425 795 475 860 εἴα
497 797 718 874 καταπίπτειν,
742 791 822 856 sures*
837 791 967 876 γνώμην
988 797 1057 879 θεῷ
1072 787 1172 855 πάντα
1189 788 1230 853 τὰ
1248 793 1318 878 τῇδε
1333 787 1411 870 πρύτ-

345 885 599 974 εεσθαιέἰπών,
628 894 682 955 καί
702 889 759 967 τὰς
783 893 932 968 τοιαύτας
952 893 1100 974 ἐπηρείας
1121 889 1175 952 sirs'
1194 891 1311 952 ἐκείνου
1331 887 1424 968 παρα-5

342 997 542 1078 χωρεῑσθαι,
565 995 618 1056 ἵνα
647 990 683 1054 τὸ
705 987 784 1073 πρύς
806 994 941 1072 βασιλέα
973 993 1104 1074 φίλτρον
1124 985 1214 1070 ύμιύν
1237 989 1409 1070 δοκιμασθῇ·

344 1091 380 1167 ὃς
405 1087 471 1176 ἥξει
491 1115 527 1154 τε
548 1089 628 1172 μετὰ
649 1087 761 1174 μικρὸν
789 1087 846 1153 καί
872 1089 993 1164 πάντας
1023 1088 1195 1169 ἀμείψεται
1222 1096 1291 1162 ταῖς
1318 1065 1435 1168 προιη1

343 1188 475 1265 νεούσαις
498 1191 701 1272 εύεργεσιάις.
722 1186 885 1274 μηδὲγὰρ
908 1187 1013 1252 οἴεσθε
1037 1191 1155 1252 ἐκεῖνον
1182 1185 1230 1270 μὴ
1251 1183 1328 1250 uaso*
1352 1181 1410 1267 γνύ
1434 1193 1435 1230 3

314 1301 408 1374 Βμην
418 1286 599 1370 βασιλεύειν
612 1291 687 1376 θεῷ.
711 1293 801 1354 τοῦτο
817 1286 879 1372 γὰρ
896 1285 995 1364 αύτός
1010 1289 1196 1372 σαφέστατα
1215 1285 1340 1350 εἰδέναι.
1365 1280 1410 1362 ἐμ·
1434 1293 1435 1380 η

341 1393 507 1475 φισβηταῑν
527 1385 600 1471 γύρ,
614 1385 764 1472 ἔφασκεν,
788 1389 824 1453 ἐν
835 1390 922 1475 α’ρχῇ
943 1386 1017 1471 περὶ
1037 1387 1169 1467 ἐκείνου,
1186 1387 1217 1452 εἰ
1236 1381 1283 1470 μη
1305 1381 1435 1448 ναίετ’-αλ

339 1486 468 1566 δοκίαν,
492 1480 571 1550 α’λλύ
587 1487 707 1567 μᾶλλον
727 1484 808 1550 κατὰ
824 1487 1055 1570 παραχώρησον
1077 1488 1157 1549 θεοῦ
1176 1485 1222 1559 εἰς
1243 1485 1335 1548 τοῦτο
1355 1475 1409 1567 ἦλθε

338 1582 499 1669 σχήματος
528 1586 593 1673 ἰδίη
622 1583 809 1666 πειθόμενος
838 1589 994 1673 ἐπιθυμίη
1012 1583 1069 1648 καί
1088 1583 1181 1670 ὁρμῇ,
1203 1583 1259 1647 καί
1285 1579 1408 1654 δεδοαύς

336 1680 381 1769 μὴ
395 1681 451 1747 καί
460 1682 557 1758 arisit
570 1677 864 1764 assuritanorum
877 1687 943 1771 θεῷ
955 1681 1333 1766 σονιύνβουλευσαμένοις
1343 1683 1404 1746 ε’νσν

335 1787 413 1865 τία,
434 1777 545 1864 εύχαῖς
568 1787 778 1868 προσανέχειν
807 1785 866 1848 καί
885 1783 1012 1868 δεήσεσι
1030 1781 1066 1846 τὸ
1093 1787 1181 1848 θεῖον
1207 1785 1403 1854 ἐκκαλεῖσθαι,

335 1875 631 1968 ύστειδιδαχθηναι
645 1884 720 1968 περί
733 1882 855 1965 αύτού,
876 1884 907 1946 εἰ
924 1879 969 1966 μη
992 1881 1150 1966 ὀργίζοιτο
1171 1879 1247 1965 περί
1265 1883 1331 1945 τῶν
1348 1875 1428 1962 yos-d

332 1982 447 2062 μένων.
498 1985 739 2067 ἐκκαλυφθηναι
756 1981 802 2044 .δέ
832 1975 919 2068 αύτῷ
947 1978 1035 2066 παρὰ
1067 1981 1125 2046 τού
1153 1978 1349 2060 πνεύματος,
1376 1973 1408 2038 ὅτι

334 2083 401 2144 κατ’
434 2079 582 2144 εύδοκίαν
609 2083 730 2161 μᾶλλον
754 2079 802 2164 εἴη
826 2076 861 2144 τύ
890 2071 1072 2163 βασιλεύειν
1093 2077 1366 2162 Κανταιιουζηνύν.
1392 2063 1409 2162 ᾇ

333 2179 392 2245 καί
414 2179 586 2244 πεισθέντα
614 2183 670 2242 καί
697 2183 804 2244 πᾶσαν
826 2169 1031 2265 ἀ’μφιβολίαν
1057 2178 1255 2258 ἀποθέμενον
1273 2181 1309 2242 ἐν
1331 2179 1410 2243 Διδυ-

331 2282 469 2365 μοτείγιρ
485 2280 593 2356 μένειν
604 2279 643 2364 τῇ
661 2278 811 2360 βουλήσει
825 2280 883 2340 τού
904 2278 988 2341 θεοῦ
1001 2277 1229 2360 συναιρόμενον
1243 2274 1282 2340 ui
1301 2271 1411 2340 summi·

333 2372 371 2440 ού
391 2375 453 2462 γὰρ
476 2369 516 2442 ἄν
532 2401 581 2452 τις
602 2376 701 2440 αὐτοῦ
724 2380 925 2461 κατηγοροίη,
947 2371 997 2442 δτι
1021 2379 1083 2440 ταῖν
1109 2376 1152 2452 ἐν,
1160 2377 1205 2464 τῷ
1225 2373 1353 2462 παρόντι
1364 2373 1423 2460 βίρι

306 2473 421 2550 crissie
451 2477 551 2540 δέοιτο
573 2474 659 2558 παρύ
676 2476 843 2556 βασιλέως.
873 2469 946 2539 orire
966 2471 1027 2559 γύρ
1050 2472 1214 2560 πρότερον,
1238 2467 1312 2540 orire
1330 2477 1409 2556 μέχρι

329 2577 390 2639 νύν
409 2572 555 2640 τοιούτου
579 2572 665 2650 τινύς
686 2570 774 2658 παρύ
798 2596 884 2650 τινος
905 2575 1035 2658 ἐδεήθη.
1056 2576 1112 2637 καί
1132 2574 1243 2652 αύτοῖς
1263 2580 1410 2660 παραινεῖν

330 2671 405 2740 vovi
422 2679 573 2756 pervasisse
593 2675 748 2738 ἵστασθαι
769 2673 846 2760 πρὸς
867 2678 932 2738 τῶν
955 2676 1069 2738 δεινοῖν
1088 2671 1146 2750 τὰς
1161 2673 1344 2758 ἐπαγωγὰς,
1374 2669 1409 2744 ύς

329 2771 371 2833 osi
392 2777 490 2858 μέχρι
514 2778 634 2838 πολλοῦ
655 2795 739 2848 τινος
760 2775 936 2858 ἐσομένας,
966 2773 1034 2838 αλλ’
1057 2774 1152 2863 σ’λίγρι
1172 2769 1305 2860 ὕστερον
1323 2776 1408 2854 λυθη-

328 2957 466 3010 lichenses
486 2956 640 3027 nimiopere
659 2956 815 3026 perturbati
839 2974 869 3010 oc
896 2959 1002 3021 territi,
1030 2957 1102 3011 nibil
1122 2960 1173 3009 ism
1197 2958 1253 3010 sibi
1275 2957 1364 3010 deesse
1378 2951 1405 3004 ul

328 3029 445 3080 exitium
476 3027 690 3080 arbitrabantur.
744 3029 778 3080 dt
811 3029 954 3098 episeopus
987 3028 1062 3081 urbis
1087 3029 1168 3084 hosce
1191 3039 1283 3080 motus
1310 3037 1405 3095 temque

326 3099 414 3151 stroci
435 3097 585 3150 calamitati
599 3117 632 3164 'so
650 3095 844 3151 submittentes
863 3100 968 3150 snirnos
986 3101 1112 3162 intuens,
1140 3115 1298 3169 progressus
1314 3101 1342 3151 in
1358 3111 1405 3146 nse·

327 3168 403 3220 diurn
429 3168 554 3222 labantes
577 3169 659 3238 erigit
683 3177 712 3219 et
739 3169 897 3222 confirmat:
926 3185 998 3241 quse
1021 3169 1068 3222 bie
1095 3170 1182 3232 finnt,
1206 3171 1301 3222 omnis
1324 3167 1403 3220 diuiso

324 3246 397 3292 nutu
416 3239 475 3291 deri
494 3246 522 3290 et
540 3237 699 3292 huiusmodi
717 3239 841 3291 miserius
860 3247 943 3309 stque
971 3239 1061 3292 eludes
1083 3241 1171 3290 Deum
1191 3242 1361 3308 permittere,
1379 3245 1404 3285 ot

326 3325 421 3362 eorum
442 3327 505 3380 erga
523 3309 716 3380 imperatorem
736 3326 812 3361 sruor
830 3311 1000 3372 illustretur,
1025 3311 1074 3379 qui
1093 3309 1256 3378 propediem
1275 3317 1403 3366 venturus,

324 3386 354 3432 et
371 3395 421 3450 prp
441 3399 474 3436 eo
494 3387 695 3443 temerentur,
717 3397 940 3450 unumquemque
959 3389 1182 3434 remuneraturus
1200 3383 1245 3431 sit.
1265 3380 1323 3431 llos
1339 3377 1403 3430 etin

321 3449 495 3520 putandum,
515 3466 576 3500 cum
591 3451 649 3500 Deo
668 3449 781 3502 nolente
795 3451 942 3532 imperare:
962 3452 1044 3502 immo
1056 3451 1181 3513 volente,
1201 3451 1279 3520 qnod
1295 3450 1349 3518 ipse
1359 3463 1402 3497 no·

321 3522 359 3573 rit
375 3521 535 3573 certissimo.
555 3520 622 3572 Nam
643 3535 704 3570 cuns
722 3521 861 3589 principio
884 3520 1043 3578 dubitaret,
1063 3537 1127 3570 num
1150 3520 1245 3570 dirius
1266 3521 1400 3578 voluntate,

321 3607 357 3642 sn
373 3591 562 3662 indulgentiae
582 3593 674 3659 potius
692 3598 721 3642 et
737 3589 882 3658 cupiditati
902 3607 967 3644 susc
986 3607 1018 3643 sc
1038 3589 1150 3642 libidini
1171 3591 1330 3650 obsecutus,
1346 3603 1402 3657 por·

322 3677 419 3730 purum
437 3661 645 3731 assumpsisset,
663 3663 843 3730 timeretque,
862 3673 907 3722 ne,
929 3664 952 3713 si
973 3660 1007 3710 sb
1027 3661 1083 3713 illis
1102 3668 1183 3721 esset,
1205 3677 1319 3730 quorum
1335 3656 1400 3724 eogi-

320 3731 439 3784 tstiones
460 3733 518 3784 Deo
534 3731 687 3784 contrariae
706 3739 783 3791 sunt,
802 3749 856 3782 uns
876 3746 935 3782 cnm
955 3730 1011 3782 illis
1030 3731 1111 3782 etium
1125 3728 1249 3800 periret,
1269 3731 1301 3780 ssi
1318 3741 1399 3797 preces
1434 3735 1435 3806 η

320 3807 350 3850 et
367 3811 430 3854 rote
448 3802 607 3854 incubuisse
628 3801 809 3870 divinumque
828 3817 930 3852 numen
951 3799 1097 3870 fatigasse,
1123 3809 1156 3851 ut
1173 3816 1203 3852 se
1222 3799 1344 3862 doceret,
1361 3813 1400 3848 ec·
1434 3809 1435 3863 i

320 3869 387 3938 quid
406 3871 459 3924 sibi
481 3873 533 3924 iste
550 3872 740 3941 probarentur.
777 3871 847 3922 Turn
867 3871 921 3923 sibi
947 3872 1140 3940 perspiritum
1162 3871 1324 3930 rerelstmss,
1347 3868 1400 3936 pls·

320 3955 382 3991 eere
404 3941 480 4002 Deo,
500 3941 718 3994 Centscuzenum
737 3944 880 4011 imperare.
910 3941 944 3994 Se
964 3955 1027 3992 uero
1045 3943 1112 3992 eitra
1125 3939 1331 3993 bsesitsts'ouens
1346 3951 1397 3988 cre·

318 4008 437 4073 didisse,
462 4018 491 4061 et
518 4011 704 4077 Didymoticbi
733 4027 860 4067 monere.
891 4021 922 4064 ut
947 4021 1081 4080 quontusn
1109 4013 1214 4079 possit,
1242 4025 1347 4079 operssn
1370 4023 1396 4058 se
1434 4007 1435 4092 l

319 4077 410 4132 eludis
432 4095 480 4131 sua
498 4096 558 4130 curn
578 4080 671 4132 divina
686 4081 829 4132 voluntate
844 4082 998 4150 coniungat.
1030 4080 1127 4150 Neque
1140 4082 1220 4133 eninr
1239 4093 1394 4150 equoqssars
1434 4095 1435 4146 η

317 4165 347 4201 se
365 4151 484 4201 accusari
506 4165 600 4216 posse,
628 4154 705 4220 quusi
725 4151 866 4221 quippiam
886 4167 974 4204 rerum
995 4151 1173 4203 bumanorum
1191 4151 1227 4202 sb
1243 4153 1393 4220 imperatore

316 4219 372 4271 sibi
391 4225 522 4288 quaerut:
552 4235 639 4290 urquc
659 4239 732 4273 nune
751 4222 824 4272 onius
842 4220 913 4272 nihil
935 4222 991 4273 tale
1016 4221 1051 4270 ob
1077 4220 1135 4272 ullo
1163 4221 1330 4292 quscsirisse.
1364 4217 1392 4266 El
1434 4251 1435 4276 r

315 4305 344 4342 sc
363 4290 428 4342 illos
448 4287 570 4354 bortsri,
599 4295 630 4341 ut
653 4291 706 4343 hoo
723 4299 847 4361 ternpore
865 4292 983 4344 viriliter
1013 4292 1093 4345 malis
1118 4288 1305 4360 praesentibus
1330 4287 1392 4340 resi·
