2976 4954
555 289 661 352 uem
690 291 744 352 ιιι.
1148 285 1178 372 9

109 437 207 494 denum
241 439 379 494 fletotm
408 439 444 492 al
472 438 640 510 imperatore
657 439 780 512 desectio
797 451 825 496 et
841 439 985 494 reversio.-
1012 437 1072 496 tius
1089 455 1179 498 remu·

108 514 219 567 naratio.
247 511 358 564 Sullani
386 523 516 583 satrapae
538 513 703 566 liberalitas.
747 512 804 562 Cur
826 507 977 580 pranderet
1000 511 1032 564 in
1056 509 1179 566 Pleracia

109 584 194 650 prima
205 583 258 633 lues
266 581 429 650 inperator.
467 582 573 634 Cieorae
584 583 660 635 cives
670 578 892 636 maledicentiam
903 593 1078 636 terraemotu
1088 583 1179 640 luunt.

114 652 188 704 ldari
209 649 436 722 reaedificantur,
462 652 560 721 quibus
577 653 709 723 perficctis
725 649 766 703 ad
779 650 966 720 pertinaciam
984 649 1102 704 redeunt
1113 654 1181 722 (761.

118 723 225 790 Magnus
235 719 281 771 du
297 723 405 773 iterum
423 723 510 792 copiis
527 723 708 792 praeficitur:
733 723 955 774 Cantacueenum
971 733 1091 775 conatur
1103 723 1181 775 occi-

122 787 187 841 dere.
207 792 303 843 lurae
317 793 452 851 litterae.
468 793 545 844 illius
559 794 698 854 minaces,
719 790 801 842 huius
819 792 1053 860 exprobratoriae.
1089 797 1181 862 Argu·

125 861 163 909 tia
182 860 274 912 ieoocs
297 863 392 913 alula.
439 862 549 915 Det-isio
575 865 664 922 senis,
691 873 722 913 ut
745 861 870 918 imbellis.
904 862 987 914 Iusta
1015 862 1180 930 Byzantium

127 927 235 980 rom
250 933 377 984 uastatio
390 931 491 1000 seruet¹
528 929 693 1000 Apocauclsi
701 931 806 1013 fastus.
843 931 927 984 lit-bes
946 931 1083 984 vannos
1098 948 1182 999 prae-

126 997 223 1050 ttrduas
238 1019 265 1053 se
285 1000 404 1058 dedunt.
445 1001 624 1069 Imperatoris
647 1005 678 1052 in
703 1000 816 1054 iliorum
836 1001 986 1071 praefictis
1007 997 1182 1055 dimittendis

124 1067 246 1121 fluentes
272 1083 300 1124 et
328 1072 497 1124 liberalitas.
543 1072 721 1141 Comparatio
739 1072 817 1122 inter
835 1072 1060 1124 Cantacusenum
1079 1084 1105 1124 et
1131 1089 1185 1126 ar·

122 1137 210 1190 domas
228 1140 291 1208 (77)
340 1141 429 1194 Urbes
456 1139 495 1193 ad
520 1143 634 1194 Pontum
656 1144 811 1213 Imperator
835 1139 951 1208 insistas
968 1138 1056 1193 habet.
1094 1143 1184 1196 Amici

118 1223 163 1260 tete
176 1207 379 1280 Adrianopolin
400 1225 555 1270 accersunt.
591 1213 696 1264 Eorum
715 1212 838 1263 stultitia
857 1225 883 1264 et
898 1228 1014 1280 poenae.
1057 1209 1183 1280 Impera-

113 1280 247 1332 trisurleoe
264 1293 419 1349 recuperat
464 1283 590 1343 Manuel,
609 1280 769 1351 Apocaucni
783 1279 874 1352 silius,
893 1281 1053 1350 praefectus
1065 1278 1182 1348 deficit.-

114 1349 231 1418 socipitur
251 1350 285 1403 ab
307 1351 483 1419 Imperatore
503 1350 622 1419 benigne
646 1363 672 1405 et
689 1351 855 1406 honoratur.
890 1353 960 1403 Acta
977 1348 1054 1421 apud
1070 1352 1185 1418 Bizyam

112 1418 164 1486 (78).
195 1425 289 1472 Amsas
308 1422 397 1473 Persa
416 1422 520 1473 socium
537 1422 577 1476 ad
592 1422 659 1492 Imp.
681 1419 861 1474 occidendum
880 1421 1060 1476 subornatum
1077 1421 1184 1491 prodit,

111 1505 176 1556 ouen
195 1491 240 1542 ille
261 1489 383 1543 liter-nm
408 1490 532 1544 dimittit.
576 1491 722 1560 Bizyenses
738 1509 766 1544 se
784 1490 908 1544 traduat.
943 1495 1041 1545 Annae
1060 1491 1186 1560 impera·

112 1557 166 1610 oiri
186 1573 210 1612 et
226 1559 295 1631 filio
314 1563 396 1622 cius,
416 1559 517 1615 deinde
538 1563 735 1615 Cantacuzeno
752 1573 780 1614 et
796 1565 882 1614 uxori
902 1575 934 1615 ut
950 1563 1017 1632 lmp.
1035 1562 1137 1627 Bisyae
1157 1574 1186 1616 et

111 1627 170 1680 alili
189 1631 378 1691 acclamatur.
403 1635 578 1702 omniumque
604 1633 705 1686 mentio
736 1633 767 1682 in
790 1633 881 1684 sacris
898 1643 1060 1700 usurpatur.
1097 1632 1185 1684 Plura

111 1697 196 1766 oppida
213 1717 239 1752 ss
256 1700 424 1754 subiiciunt.
461 1702 564 1768 Bieyae
574 1705 751 1773 praejectum
762 1703 891 1754 Munueii
904 1703 991 1753 Aseni
1003 1700 1095 1756 datur.
1113 1703 1185 1756 Pro-

111 1773 243 1821 ustretore's
261 1783 496 1842 caeterorumque
514 1772 679 1840 Apocauclei
698 1773 850 1823 amicorum
868 1773 1023 1826 miserrima
1049 1769 1185 1827 conditio.

113 1841 249 1906 Apocauslri
269 1853 370 1902 astus,
397 1859 454 1910 quo
478 1843 613 1912 ignaviae
642 1842 801 1911 opinionem
824 1845 918 1895 vitare
942 1840 1087 1905 studebat,
1112 1844 1184 1895 salse

116 1907 226 1960 irritem
246 1913 416 1981 acriterque
442 1912 622 1981 vituperatur
642 1912 709 1980 (79).
745 1912 849 1972 Fraus,
875 1913 1026 1977 impostura
1041 1926 1068 1966 et
1085 1913 1186 1984 nequi·

120 1976 340 2042 mdombttts,
365 1999 423 2050 qua
442 1979 512 2033 idem
530 1981 711 2051 Apocaucleus
726 1979 860 2033 Gabalam
878 1982 941 2032 uita
956 1983 1074 2050 privare
1092 1983 1185 2035 enisus

124 2049 218 2111 tullo).
245 2050 396 2103 &clionee
411 2051 604 2104 Cantacuzeno
621 2066 649 2103 se
668 2048 807 2116 adiungit.
850 2051 938 2119 Copta
953 2047 993 2101 ad
1001 2051 1117 2102 Pontum
1128 2053 1186 2102 ali·

123 2119 279 2188 Μορμὼ.
321 2121 464 2173 Somnium
473 2122 623 2180 Manuelis.
640 2119 775 2188 filiilmp.
813 2119 943 2172 Veniente
955 2116 995 2168 ad
1005 2120 1097 2174 urbem
1109 2121 1185 2172 Gan-

119 2197 233 2254 tammn,
252 2190 424 2260 Apocauclei
429 2189 576 2242 timiditas.
612 2196 685 2260 Ager
695 2189 878 2256 Byzantinus,
889 2190 1036 2245 miserante
1048 2191 1128 2258 Imp„
1138 2186 1187 2244 de-

116 2271 222 2312 vastatur
242 2261 315 2328 (δι)Ι
365 2261 499 2312 Galataei
522 2277 633 2312 eausam
653 2272 680 2312 et
697 2260 834 2330 originem
853 2259 921 2312 helii
938 2257 1019 2312 liuius
1039 2261 1189 2312 sciscitan-

113 2339 164 2378 tur:
177 2329 270 2398 quilsu
289 2347 311 2380 a
325 2332 471 2400 principio
484 2343 587 2382 narrat
605 2331 697 2382 omnia
721 2331 797 2397 Imp,
816 2340 847 2380 ut
872 2346 900 2381 se
917 2330 1091 2382 innocentem
1109 2341 1190 2382 teste·

112 2410 155 2448 tto.
184 2401 221 2452 lle
238 2398 398 2453 advocatis
414 2401 477 2452 item
495 2399 639 2452 Persarum
657 2401 776 2453 auxiliis
792 2417 820 2450 se
838 2395 964 2468 defendit
978 2400 1044 2468 (8²).
1086 2403 1192 2470 drogus

111 2469 240 2520 mulus
256 2471 375 2540 legatus
393 2471 472 2521 omni
490 2470 572 2540 culpa
592 2469 659 2522 belli
678 2487 739 2523 eum
757 2467 883 2522 absolvit.
920 2468 992 2522 Eius
1010 2467 1190 2538 prudentiam

107 2535 191 2592 laudat
202 2541 282 2610 imp..
307 2538 341 2593 de
352 2539 530 2592 adversariis
542 2541 746 2610 conqueritur:
763 2539 789 2590 si
808 2556 835 2589 se
851 2539 1048 2610 Imperatorem
1062 2553 1090 2592 et
1104 2540 1190 2592 colle·

106 2625 157 2676 με
176 2627 231 2662 esse
252 2612 374 2672 sinant,
402 2607 481 2681 quod
488 2609 624 2679 straturus
642 2611 678 2661 sit
695 2611 795 2678 aperit.
830 2611 913 2660 Amor
930 2609 1027 2661 inrem
1041 2607 1190 2678 publicam.
1286 2675 1288 2680 ι

106 2681 196 2742 Quium
214 2679 434 2734 tarrditioniirus
450 2677 581 2732 abdicare
604 2697 633 2731 se
651 2679 766 2750 imperio
783 2677 853 2730 velit
869 2679 937 2746 (8³).
977 2682 1082 2748 Aregus
1099 2679 1192 2732 orati-

103 2767 172 2802 onem
188 2747 389 2803 commendat.-
409 2747 486 2802 dicta
498 2751 661 2817 Byzantium
677 2749 841 2803 renuntiare
852 2748 972 2802 iubetur.
1009 2747 1193 2818 Apocaueluu

103 2837 170 2870 erne
192 2833 219 2872 et
236 2833 314 2872 uota
330 2817 444 2874 indicit.
482 2817 624 2887 Quaedam
641 2837 676 2888 op
695 2819 744 2872 ida
765 2819 800 2870 ab
820 2819 989 2886 Imperatore
1016 2819 1192 2890 subiguntur.

101 2889 218 2956 Epistola
228 2889 400 2960 Apocauclti
420 2901 446 2942 et
464 2888 645 2956 patriarchae
680 2888 892 2943 sabdicotione
904 2889 1092 2958 Imperatoris·
1126 2893 1195 2943 Are·
1292 2900 1294 2908 ’

98 2958 1000 3101 etuti:itissssizz.il‘zli3“'·.{tizif'ttrsfffttllt‘
1022 2963 1195 3084 ttulit:

97 3070 156 3153 tet}
173 3105 205 3152 in
222 3102 364 3170 portoriis
382 3049 839 3169 exigendis'ntltttpconssquinn-
856 3097 890 3150 ab
912 3049 1025 3152 euticii
1032 3100 1195 3170 proceribus

96 3169 308 3224 dissimulanter
331 3169 474 3223 irridetur.
525 3173 630 3238 Aregus
656 3167 696 3222 ad
718 3171 795 3222 ilium
821 3170 970 3225 contemnit
991 3168 1138 3224 accedere:
1159 3167 1194 3221 ds

97 3241 274 3308 impietateet
294 3237 481 3308 imprudentia
503 3253 637 3293 accusat:
665 3240 866 3310 imperatricem
884 3240 1056 3311 imperatori
1071 3250 1195 3297 excusat.

95 3311 253 3380 Imperator
272 3309 392 3378 infestus
411 3312 575 3378 Byzantium
587 3311 704 3362 veniens
730 3309 842 3366 recedit.
878 3307 1079 3375 Adrianopolis
1096 3320 1123 3362 et
1138 3309 1197 3362 ali-

98 3395 160 3448 quot
174 3377 425 3452 finttimaoppida
435 3381 466 3433 in
481 3391 644 3448 potestatem
663 3377 824 3434 concedunt.
863 3381 931 3432 Cum
943 3379 1031 3432 tribus
1039 3377 1195 3441 dedititiis,

98 3467 210 3516 auorum
230 3449 294 3504 duo
310 3452 450 3520 praetecti
455 3490 466 3512 ‚
485 3449 557 3520 quid
575 3463 665 3502 actum
683 3449 750 3520 (85).
798 3453 891 3518 Quare
904 3450 1033 3502 Amurius
1050 3445 1092 3500 ad
1109 3449 1195 3519 impe-

97 3535 215 3576 ratoreos
242 3539 307 3574 non
331 3521 457 3574 redierit.
504 3519 640 3573 Concestu
659 3519 812 3574 Sarclenis
826 3537 879 3590 psr
898 3517 1031 3586 lydiam,
1055 3515 1120 3572 inde
1144 3534 1197 3588 per

95 3593 308 3663 Hellespontum
326 3591 438 3644 transit
474 3589 622 3642 Persarum
637 3590 668 3644 in
687 3589 820 3642 Moesiam
839 3589 989 3658 impressio.
1023 3588 1195 3642 Momitsilus

97 3676 258 3732 camparte
277 3663 419 3714 exercitus
435 3661 480 3711 sui
496 3659 641 3718 caeditur.
671 3662 782 3731 reliqua
802 3659 922 3778 capitur.
955 3659 1109 3728 Imperator
1126 3659 1195 3710 ilia·

97 3735 205 3790 trimat.
245 3731 421 3785 Momiteilus
438 3729 575 3783 humanae
588 3730 727 3799 stertunae
739 3748 832 3796 exemp
846 3747 897 3780 um.
933 3729 1195 3782 Xantkiensessuo·

98 3819 154 3854 rum
171 3801 328 3868 fisnerilus
346 3801 457 3866 lugent.-
476 3800 570 3852 urbem
589 3799 715 3851 tradunt.
752 3801 786 3852 ln
802 3799 953 3852 Momiteiii
976 3801 1121 3864 coniugem
1138 3801 1194 3850 lm·

95 3861 236 3941 portioris
267 3872 415 3925 clementia
438 3870 504 3930 (86).
549 3871 659 3922 Crolem
680 3883 712 3922 ut
725 3868 918 3939 foedifragum
943 3869 1043 3922 ulcisci
1060 3866 1194 3922 decernit.

96 3941 237 3996 etnam
267 3941 389 3993 domani
413 3939 452 3992 ad
472 3937 653 4006 delictionem
681 3941 833 4009 impellunt.
879 3941 1008 3992 Minatur
1037 3939 1135 3999 Crali,
1163 3938 1196 3990 ni

98 4013 194 4066 Pluris
218 4009 357 4064 abscedat
377 4023 404 4062 et
418 4009 540 4080 findere
559 4011 671 4062 violare
689 4007 806 4063 desinat.
843 4010 1014 4078 imposturae
1034 4005 1196 4070 Apooeocet

97 4095 277 4152 repetuntur·
318 4081 509 4134 continentem
532 4080 692 4150 relinquere
712 4079 831 4132 statuit:
858 4079 990 4144 tyrannis
1015 4081 1075 4132 eius
1092 4080 1123 4129 in
1140 4079 1196 4144 lly-

97 4155 217 4206 santios.
257 4153 301 4205 De
321 4167 449 4212 carcere,
467 4168 546 4221 quem
556 4151 586 4200 in
594 4150 703 4217 palatio
723 4149 902 4202 Constantini
914 4147 1066 4222 aedificare
1084 4163 1196 4218 aggret·

98 4239 140 4276 nes
164 4234 220 4280 est.
268 4218 441 4292 Affinitatem
468 4221 653 4292 imperatricis
674 4237 725 4292 per
741 4219 830 4296 filiae
846 4221 960 4292 nuptias
977 4235 1038 4274 cum
1056 4220 1114 4274 eius
1125 4216 1196 4290 filio
