2894 4936
352 295 636 366 ιιιετοιιιοιιυυ
665 299 721 364 ιιι.
739 297 790 368 ον.
1030 261 1111 350 505

14 497 22 508 ·
44 454 92 522 διύ
111 451 166 542 τήν
184 455 303 543 σοφίαν
320 441 378 518 καί
395 450 453 536 τήν
471 447 619 534 σύνεσιν,
645 450 714 517 ἄλλ’
732 443 783 516 δτι
802 444 858 516 ταί
875 447 926 514 ἐπ’
940 444 1028 534 αύτῷ
1041 439 1186 522 τού-λοῦ·
1197 441 1265 514 1345

43 579 81 642 ιφ
110 550 236 638 ήκοιεν,
268 554 309 619 ἵν’
328 552 364 618 ἐκ
390 553 452 617 τῶν
469 552 644 635 λεγομένων
662 550 788 635 τύληθή
807 545 882 633 περί
902 549 960 612 τού
978 542 1117 628 πολέμου
1126 543 1212 600 Ρ·635

43 661 151 737 γνοῖεν,
171 647 289 736 ἥδιστά
308 675 344 717 τε
365 644 490 718 ἅπαντα
512 646 613 716 αύτύν
632 647 828 734 ἐκθήσεσθαι
859 649 915 712 καί
941 641 1041 731 χάριν
1073 645 1126 709 ολ-Δ

44 753 141 836 δήσειν
152 755 209 838 τῆς
226 749 388 838 αἰτήσεως.
408 745 506 816 ἐδεῖτό
525 773 561 815 τε
582 748 696 830 edraim
714 751 818 834 μηδὲν
836 744 1121 826 ὑποστειλαμένους

30 849 229 935 istrienses,
252 843 293 915 dr
311 847 465 937 φαίνηται
484 851 639 936 ἐπιορκῶν
658 845 715 915 καί
724 849 844 915 dissuis
863 846 918 913 eui
935 837 958 929 ἢ
976 852 1045 924 τοῖς
1058 847 1120 926 βα·

46 952 146 1026 τελέας
167 954 266 1018 παισί
283 951 342 1016 τού
362 951 459 1036 odos
479 941 757 1034 ἐπιβουλεύων,,ή
779 948 839 1014 τού
858 948 995 1029 πολέμου
1019 941 1123 1019 αἴτιος
1219 975 1224 990 ·

47 1049 93 1112 καί
113 1050 170 1134 τής
186 1048 355 1134 Ῥωμαίων
374 1047 545 1136 ἀμυθήτου
575 1050 704 1136 φθοροῖς
727 1047 938 1133 γεγενημένος.
986 1040 1124 1130 ἐρξύμε-

47 1142 90 1221 νύς
107 1169 141 1211 τε
162 1141 219 1213 ἀπ’
231 1150 339 1235 α’ρχής
351 1140 453 1224 εύθύς
470 1151 607 1234 διηγεῖτο
627 1149 766 1227 ἕκαστα,
790 1142 849 1232 τήν
874 1168 910 1212 τε
939 1143 1041 1210 αύτού
1069 1137 1125 1206 κατ’

50 1246 189 1324 tusum
206 1246 411 1335 Ἀνδρονιλιου
425 1244 552 1314 εύιυιαν
565 1249 621 1312 καί
644 1249 756 1336 φιλίαν
767 1243 846 1333 πρὸς
858 1241 1014 1330 α’λλήλους
1032 1241 1131 1327 αἰιριι

29 1345 99 1426 iiiii,
125 1349 183 1412 καί
211 1345 258 1424 cic
286 1344 369 1428 μετὰ
400 1345 458 1432 τήν
487 1344 610 1413 ἐκείνου
646 1344 792 1432 τελευτήν
817 1341 950 1429 πολλήν4
970 1338 1125 1430 πρόνοιαν

51 1437 133 1521 ιύτδς
153 1442 349 1531 ποιήσαιτο,
371 1444 409 1510 ού
424 1449 493 1512 reis.
507 1447 664 1528 βασιλέως
681 1444 779 1528 μόνον
797 1445 922 1510 παίδων
941 1443 997 1508 καί
1013 1463 1126 1526 γυναι-
1134 1441 1230 1524 Mei

47 1537 88 1614 κὸς
107 1543 160 1626 τής
178 1547 360 1627 βασιλιθος,
379 1541 461 1610 diti
477 1541 534 1608 καί
543 1547 600 1628 τῆς
615 1543 781 1624 Ῥωμαίων
795 1540 972 1630 ὠφελείας,
989 1540 1031 1605 ού
1043 1535 1152 1625 xpri-B

46 1662 117 1716 μαῖα
137 1638 235 1723 μόνον
260 1645 383 1727 ἕτοιμος
402 1643 483 1728 ὑπὲρ
512 1640 637 1708 ἐκείνων
664 1641 843 1708 ἀναλίσκειν
867 1633 933 1726 σύν,
960 1637 1044 1706 ἀλλὰ
1070 1635 1129 1705 καί

47 1735 118 1822 ζωήν
135 1739 191 1827 τήν
214 1741 325 1830 φιλην,
345 1743 375 1808 εί
392 1739 643 1827 ταιρύςααλοίη,
665 1739 763 1828 ῥᾷστα
782 1736 1016 1824 προησόμενος·
1040 1731 1128 1812 ὅπως

21 1843 74 1906 ι5τε
92 1838 149 1904 sind
177 1844 470 1929 παρακοιμισμένου
489 1842 732 1924 ἐπιβουλευθείη
760 1840 914 1922 ούδεμιδς
933 1835 1040 1911 αἰτίας
1059 1837 1127 1902 ἐνε-

47 1959 97 2019 ie,
116 1933 136 2024 ἢ
157 1939 382 2028 φθονήσαντος
402 1941 489 2028 αύτῷ
509 1942 565 2006 καί
585 1941 731 2028 φθείρειν
750 1939 994 2023 διανοηθέντος,
1014 1934 1054 2000 ἵν’
1067 1928 1129 1998 uri*

47 2034 94 2112 τὸς
110 2029 193 2128 ύρχη
217 2042 285 2106 τῶν
304 2034 516 2126 πραγμάτων·
545 2043 603 2104 καί
621 2036 665 2114 ὥς
686 2034 886 2125 πατριάρχην
901 2033 959 2100 ταί
976 2035 1053 2110 τούς
1072 2025 1129 2097 sii·

47 2138 111 2210 λοος
136 2139 371 2223 ἐξαπατήσειε,
404 2135 508 2223 ψεύδη
534 2139 736 2218 πλασάμενος
764 2137 821 2202 καί
838 2135 1070 2222 συκοφαντίας,
1104 2125 1129 2199 ἃ

48 2231 112 2298 siit
132 2235 340 2322 ἐνεθυμήθη·
360 2238 416 2302 ταί
435 2233 479 2311 οἷς
499 2237 609 2301 ἐκείνοι
628 2237 691 2302 ταῖν
713 2235 803 2300 ἰδίαν
822 2239 930 2316 ἓνεκα,
957 2228 1002 2311 ὥς
1018 2223 1125 2320 ᾤοντο,
1173 2265 1183 2281 =
1290 2295 1296 2324 ¹

20 2329 214 2419 οούιοφορῶν,
242 2339 431 2421 σαφέστατα
448 2335 578 2415 εἰδότες,
599 2328 647 2399 ὅτι
663 2330 836 2416 ψεύδονται
847 2334 904 2399 ιιαέ
914 2333 1130 2418 συκοφαντού-

50 2451 113 2515 σιν,
132 2431 213 2521 ύπέρ
239 2436 403 2516 βασιλίδος
425 2435 525 2519 δῆθεν
546 2435 604 2499 καί
620 2433 684 2500 τεέν
701 2435 826 2499 παίδων
845 2430 902 2498 τύν
925 2429 1061 2514 πόλεμον
1081 2453 1130 2496 ιιι-

49 2535 122 2594 teies
139 2531 243 2600 scotici
266 2530 537 2620 ἐξαπατήσαντες·
560 2535 615 2600 καί
629 2533 702 2599 οἷαν
716 2526 941 2618 ἀγνωμοσύνην
952 2533 1009 2596 καί
1027 2525 1130 2594 εἶπαν-

51 2629 187 2710 θριιπίαν
209 2634 253 2698 ου’
266 2631 343 2716 περί
364 2630 467 2699 αύτύν
488 2629 588 2716 μόνον
609 2635 664 2700 ταί
683 2634 807 2718 μητέρα
828 2632 884 2698 καί
901 2627 974 2707 τούς
994 2630 1129 2704 οἰκείους

52 2725 246 2810 ἐπιδείξαιντο
258 2782 269 2814 ,
300 2727 431 2819 ύβρεσιν
459 2727 590 2811 ύτύίτσις
625 2731 681 2798 καί
716 2735 855 2821 φαύλοις
892 2729 1152 2818 προσηνούσαῑςῦ

111 2891 134 2943 γ.
154 2874 364 2947 γεγενημένους
380 2875 409 2930 Ρ.
479 2877 521 2945 νή.
534 2873 714 2946 προσήκουσι
732 2873 758 2926 Ρ.

54 3019 163 3078 iudicum
191 3041 306 3080 munere
333 3025 410 3096 iungi
432 3028 556 3096 possint:
582 3025 631 3080 sed
660 3025 698 3078 ob
718 3024 748 3078 id
773 3029 863 3097 ipsum
881 3027 1025 3090 venerint,
1041 3033 1075 3080 ut
1092 3042 1127 3080 ex

53 3093 103 3144 eius
128 3113 173 3150 ure
197 3099 343 3151 veritatem
370 3098 404 3150 de
427 3097 480 3150 hot
503 3097 579 3150 helio
603 3097 793 3167 perciperent,
817 3097 1002 3158 libentissime
1033 3098 1127 3150 omnia

53 3165 242 3232 explicaturum
269 3179 299 3222 et
326 3169 492 3237 petitionem
516 3168 588 3222 haue
614 3169 644 3220 in
664 3168 795 3222 memoria
819 3166 985 3220 habiturum.
1022 3165 1129 3220 Orabat

53 3232 147 3300 simui,
177 3256 213 3292 ne
238 3257 267 3292 se
294 3238 496 3308 reprehendere
522 3246 698 3299 vererentur,
722 3239 746 3290 si
772 3253 802 3290 se
830 3246 878 3290 aot
904 3237 1054 3307 peierasse,
1077 3243 1128 3289 aut

51 3302 173 3361 iniurium
198 3309 300 3374 inisse,
326 3318 375 3362 aut
402 3310 574 3378 imperatoris
597 3309 677 3361 amici
704 3308 769 3361 filiis
796 3308 912 3361 iusidias
931 3309 1127 3377 composuisse,

52 3379 94 3422 aut
108 3377 180 3432 bello
205 3387 342 3436 commoto
361 3381 530 3432 calamitates
554 3377 762 3449 inexplicabiles
779 3379 916 3432 invexisse
936 3378 1130 3449 deprehende·

51 3451 112 3496 “nt
153 3451 272 3504 Exorans
298 3449 382 3519 igitur
409 3451 602 3519 aprincipio,
628 3449 726 3502 ordine
743 3449 850 3518 singula
867 3450 1024 3510 recensuit,
1063 3465 1127 3501 uam

50 3515 163 3578 perfecte
186 3523 246 3592 ipse
274 3529 304 3573 et
329 3517 501 3574 Andronicus
526 3520 600 3572 inter
620 3533 650 3570 se
676 3519 854 3572 dilexissent:
882 3528 911 3573 et
935 3465 1072 3592 quornocio
1092 3537 1126 3573 eo

50 3593 148 3640 mortuo
167 3607 223 3644 nou
248 3590 332 3652 liberi
350 3592 438 3643 ruiurn
458 3600 487 3644 et
505 3591 605 3644 coniux
624 3597 653 3642 et
669 3607 711 3642 rcs
729 3589 840 3658 publiea
859 3597 952 3644 taum
970 3587 1025 3642 sibi
1043 3605 1126 3643 curae

51 3651 166 3724 luerint,
190 3670 221 3714 ut
247 3677 341 3715 eorum
371 3677 451 3712 causa
469 3679 525 3714 uon
543 3659 625 3714 modo
648 3662 813 3729 pecuniam,
830 3661 896 3722 sed,
914 3663 938 3713 si
956 3677 1024 3730 opus
1044 3661 1126 3723 soret,

51 3723 127 3776 eitam
146 3745 255 3803 quoque
272 3729 430 3801 impendere
449 3739 560 3802 paratus
578 3736 665 3786 esset:
685 3729 823 3804 quomodo
842 3733 908 3784 item
927 3731 1057 3800 praelecti
1076 3747 1126 3782 cu·

52 3789 130 3848 bicuii
154 3801 267 3855 iusidias
293 3803 431 3854 immerito
454 3817 599 3872 perpessus
621 3803 676 3864 sit,
705 3799 754 3872 qui
780 3818 815 3852 ex
833 3800 938 3854 invidis
957 3815 1052 3854 necem
1070 3801 1127 3872 sibi

52 3877 141 3929 perere
159 3873 326 3944 quaesierit,
344 3879 376 3925 ut
393 3872 454 3942 ipse
472 3887 563 3924 rerum
586 3872 770 3942 principatum
787 3869 945 3924 obtineret:
969 3885 1024 3942 quo
1042 3873 1126 3925 etiarn

53 3943 126 3997 Pecto
153 3945 313 3996 commentis
334 3959 366 3994 ec
382 3940 568 4009 sycophantiis
586 3943 660 4006 suis,
686 3939 853 4010 imponendo
874 3941 945 4003 sibi,
962 3939 1037 4012 quod
1053 3961 1127 3996 nun·

54 4017 129 4070 ‘iiim
151 4013 298 4082 cogitarat,
323 4011 504 4083 patriarcham
533 4015 657 4096 aliosque
682 4010 840 4081 deceperit:
870 4028 926 4082 que
944 4014 1052 4065 ratione
1072 4013 1127 4078 ilii,

54 4081 168 4150 quanvis
185 4099 214 4138 se
232 4085 343 4136 mentiri
362 4093 391 4138 et
408 4083 569 4135 calumniari
588 4091 690 4136 scirent
708 4082 949 4146 manifestissime,
974 4083 1058 4136 verbo
1077 4099 1127 4154 pro

55 4153 214 4212 ¹mperstrice
238 4163 266 4208 et
294 4155 359 4206 filiis
381 4151 460 4215 eius,
479 4155 585 4221 reipsa
604 4167 653 4221 pro
671 4151 820 4206 commodis
841 4153 897 4204 sais
920 4153 964 4220 (ut
981 4152 1127 4224 putabant)

55 4215 132 4272 ΜΠ·
157 4239 217 4280 eum
240 4225 349 4282 fallacie
375 4221 481 4282 bellum
499 4224 678 4282 condierint:
702 4238 839 4295 quamque
857 4222 974 4296 improbi
995 4233 1025 4280 et
1042 4224 1127 4280 inlau-
