2886 4948
368 355 651 421 nrsrouunus
682 361 737 423 ιιι.
759 361 812 430 αι.
1037 333 1120 450 387

61 507 106 569 tsi
129 502 212 570 τοῦτό
241 527 283 586 με
309 502 403 570 edroi
431 509 698 592 παρακαλοῦντες.
750 504 812 592 ἔγω
841 509 877 574 δὲ
906 507 974 592 τύχε
1005 514 1051 588 εἰς
1069 514 1273 604 &uetanis

59 593 134 684 ἧκον,
161 596 233 668 odes
256 602 412 683 εάδοξίας
418 603 515 688 χάριν
523 656 533 687 ,
566 599 637 670 οὔτε
658 607 788 690 κέρδους
808 606 893 683 τινὸς
916 609 1071 698 ἐπιθυμία
1089 610 1125 676 τὰ

57 698 121 784 ύιιὲρ
148 703 266 766 ἐκείνου
289 711 395 768 πονεῖν
422 708 477 778 καί
496 703 690 770 κινδυνεύειν
711 701 837 792 §equas
849 757 858 788 ,
902 707 970 770 ἀλλ’
991 703 1127 796 ἀνάγκην

58 795 110 879 ἔχοι
129 798 228 886 πύσης
248 805 442 886 βιαιοτέραν,
463 799 569 887 ὥσπερ
591 804 671 889 ὑπὲρ
693 807 835 885 ἐμαυτοῦ
856 805 1036 888 ἀμύνεσθαι
1055 806 1128 885 τούς

46 897 184 976 ὅὲιιιύντας
213 904 268 964 καί
296 903 352 986 τῆς
373 900 469 988 φιλης
490 901 682 984 ἀντέχεσθαι
704 907 784 988 ζωῆς
800 907 896 990 μέχρι
917 908 973 970 καί
991 909 1050 972 τοῦ
1070 911 1128 971 dv-

56 1001 139 1063 sssosi'.
185 993 224 1062 ού
253 997 313 1085 γὰρ
344 993 451 1086 ὥσπερ
474 999 503 1064 oi
522 1003 635 1067 πολλοί
654 1001 688 1068 τὰ
712 1007 868 1086 βασιλέως
891 1003 984 1091 φίλος
999 1019 1150 1090 nosos-'c

59 1096 222 1178 stortisarius
244 1095 373 1182 εἱλόμην
393 1099 500 1181 μόνον,
526 1102 595 1165 ἀλλ’
617 1098 717 1178 οὕτως
738 1105 826 1190 adsui
845 1107 1029 1188 συντέτηκα,
1052 1102 1128 1172 ὥστ’

61 1194 81 1254 si
94 1200 226 1281 συμβαίη
248 1199 313 1262 τῶν
334 1199 511 1284 ἀνηκέστων
531 1201 648 1266 ἐκεῖνόν
676 1225 707 1266 τι
727 1204 863 1284 παθεῖν,
893 1203 1026 1286 ἀβίωτον
1050 1201 1129 1290 ἡγη-

60 1289 165 1372 σόμενος
186 1293 243 1361 τάν
262 1301 333 1379 βίον
354 1295 411 1362 καί
429 1298 532 1374 αύτὸς.
573 1303 628 1364 καί
649 1298 702 1364 ἀιοὶ
724 1299 841 1384 ταύτην
861 1301 918 1388 την
938 1303 1050 1388 φιλίαν
1066 1307 1129 1385 βα-

37 1393 122 1452 suste
134 1415 168 1457 se
194 1395 240 1482 τρῖ
260 1394 449 1485 Ἀνδρονίκῳ
469 1395 550 1483 πρὸς
568 1395 623 1462 τὸν
636 1397 723 1462 ’κατὰ
746 1399 876 1482 Λέσβου
898 1401 953 1464 καί
975 1403 1127 1478 Φωκαίας

53 1484 168 1570 πόλεμον
194 1495 437 1579 συνεπολέμησα
461 1495 579 1581 χρόνον
600 1497 658 1560 osias
679 1496 806 1581 ἀλίγον,
851 1498 907 1562 καί
926 1496 1077 1585 πρότερον
1094 1495 1127 1564 ἓ-

52 1582 93 1660 sic
110 1586 194 1665 ἔτους
215 1589 408 1675 ἀγδοήκοντα
428 1592 484 1658 καί
501 1596 697 1680 τριακοσίαις
717 1593 814 1659 ναυσὶ
833 1598 940 1680 διέβην
961 1598 1024 1662 ε’πί·
1039 1597 1127 1684 Θρᾴ-

51 1705 109 1766 κην,
125 1685 251 1774 γνώμην
271 1685 370 1772 ἔχων,
393 1689 438 1766 ὥς
460 1694 540 1758 πᾶσι
560 1693 763 1776 μαχούμενος
783 1693 967 1778 ἀνθρώποις
988 1693 1044 1759 καὶ
1064 1699 1127 1760 ποῖ-

49 1805 96 1846 οιυ
120 1785 257 1853 κάκωσιν
286 1787 382 1855 οἴσων
409 1793 466 1856 καί
492 1788 610 1874 odedu,
637 1784 733 1877 ἀχρις
762 1783 802 1856 ἀν
830 1789 911 1878 πρὸς
930 1791 988 1876 τήν
1008 1796 1127 1859 οἰκείαν

23 1879 245 1972 ιδὲπαιαχάγω,
278 1885 386 1974 ὥσπερ
422 1885 491 1956 ἴστε
516 1889 573 1955 καὶ
597 1890 693 1956 αὐτοὶ
711 1887 1010 1973 συστρατευόμενοι.
1051 1891 1128 1958 νυνὶ

46 1984 74 2048 δὲ
96 1985 245 2074 ἐντούτῳ
266 1991 440 2074 καθέστηκε
458 1987 499 2054 τά
520 1985 695 2076 πράγματα
717 1989 813 2074 ἡμῖν,
849 1983 932 2054 uiso'
960 1990 1044 2076 ἡμᾶς
1063 1993 1223 2074 ebulliit

46 2077 95 2144 ύιιό
115 2087 176 2148 τάν
204 2085 331 2166 ἀνέμων
359 2089 501 2152 ἐνταῦθα
530 2090 782 2170 κατεχομένους,
817 2083 999 2175 ἀπράκτους
1028 2082 1125 2170 εἶναι,

46 2180 147 2247 ἐκεῖνον
168 2186 204 2249 δὲ
226 2181 290 2246 dud
316 2184 503 2271 Ῥωμαίων,
526 2186 568 2263 ὥς
587 2180 760 2269 ἀκούομεν,
784 2191 1031 2272 πολιορκεῖσθαι.
1074 2187 1158 2256 stt-o

45 2281 120 2344 ιλυικα
142 2285 197 2367 δὲ,
220 2281 267 2367 μὴ
297 2283 357 2347 καί
374 2307 408 2348 τι
427 2287 492 2350 τάν
513 2287 691 2369 ἀνηκέστων
711 2289 818 2374 συμβῇ
837 2291 912 2372 περί
930 2287 1041 2352 αάτόν.
1080 2289 1127 2351 εἰ.

17 2375 87 2453 eosic
103 2379 161 2466 γάρ
183 2382 241 2448 καί
256 2380 435 2468 χρημάτων
454 2377 589 2470 ἀπορεῖν
605 2387 662 2450 καί
675 2389 831 2472 στρατιᾶς
852 2380 1031 2469 ἀξιομάχου
1045 2382 1125 2470 πρὸς

41 2476 105 2554 τούς
122 2484 302 2566 πολεμίους,
324 2479 399 2567 ἀρτι
420 2485 455 2548 ἐκ
474 2487 529 2568 τῆς
548 2482 665 2570 πλάνης
686 2483 897 2572 ἐπανήκοντα,
921 2488 976 2550 κατ’
997 2485 1054 2548 οάκ
1073 2487 1125 2564 ἐξ·

43 2583 200 2662 αρκοῦντος
231 2585 292 2646 τοῦ
319 2587 436 2668 καιροῦ
467 2581 546 2668 πρὸς
575 2583 612 2650 τὸ
644 2587 780 2668 δύναμιν
809 2584 988 2670 κτήσασθαι
1014 2585 1125 2667 βεβαί-

40 2697 80 2740 αν.
118 2677 147 2744 οἱ
177 2681 326 2763 πολέμιοι
356 2683 393 2748 δὲ
419 2684 475 2747 καί
501 2677 610 2760 ὅπλοις
635 2685 809 2768 βιάζεσθαι
839 2680 979 2752 δύναιντ’
991 2678 1053 2766 ἀν,
1071 2675 1124 2748 ὅν·

102 2857 141 2915 ι5.
158 2855 330 2928 λεαριιοῦτος
348 2856 378 2908 l’.

38 3007 117 3070 tinet,
146 3027 239 3082 neque
264 3009 367 3079 gloriae
386 3025 482 3074 eausa,
507 3025 599 3082 noque
622 3023 714 3060 umore
738 3015 869 3081 quaestus
887 3025 937 3077 pro
959 3026 992 3061 eo
1012 3009 1121 3062 labores

39 3091 65 3128 so
80 3081 197 3146 pericula
223 3079 299 3133 odire
324 3082 400 3136 volo:
431 3081 480 3134 sed
506 3097 549 3132 rue
577 3081 767 3150 potentissimo
792 3079 925 3148 quaedam
945 3080 1121 3131 necessitudo

39 3157 125 3214 urget,
150 3159 181 3204 ut
198 3151 235 3203 eb
264 3165 379 3204 eonon
405 3167 482 3204 secus
509 3159 593 3221 atque
611 3167 626 3201 a
646 3165 689 3201 nse
708 3151 768 3218 ipso
785 3149 878 3201 hostes
897 3150 1072 3216 propulsem,
1092 3159 1122 3202 et

38 3229 160 3285 quantum
179 3225 209 3272 in
227 3238 271 3274 ιιιο
290 3227 349 3284 est,
366 3237 418 3292 pro
438 3223 513 3274 illius
533 3223 588 3271 vito
606 3219 675 3272 mihi
693 3220 833 3272 carissima
852 3233 1029 3287 propuguem.
1057 3218 1121 3272 Non

38 3289 102 3340 euim
121 3299 153 3342 ut
174 3293 275 3354 multi,
300 3293 470 3361 imperatoris
499 3293 602 3344 amicus
628 3288 725 3342 audire
751 3297 896 3341 contentus
917 3304 993 3352 sum,
1013 3288 1063 3340 sed
1079 3291 1119 3342 ita
1146 3333 1148 3340 .

37 3371 89 3410 sum
107 3363 132 3413 ei
150 3362 374 3430 conglutinatus,
394 3371 426 3414 ut
442 3364 466 3414 si
484 3376 547 3413 eum
568 3361 711 3431 quippiam
730 3357 874 3412 iuisndum
900 3359 957 3426 pati
977 3363 1121 3429 continge-

37 3437 89 3492 ret,
105 3435 188 3484 vitam
208 3449 258 3502 ego
276 3448 388 3505 quoque
403 3434 463 3486 sine
480 3432 530 3484 illo
550 3431 690 3483 insuavem
708 3430 777 3482 mihi
795 3435 826 3482 et
840 3429 966 3482 acerbam
985 3436 1119 3498 puberem.

36 3499 117 3570 itque
142 3501 226 3556 huius
251 3505 352 3556 amoris
379 3519 442 3572 ergo
474 3503 634 3572 imperatori
657 3500 831 3564 Andronico,
855 3499 931 3554 bello
965 3499 1066 3553 Lesbio
1091 3510 1121 3555 et

36 3566 192 3625 Phocaeensi
203 3611 211 3634 ‚
222 3589 278 3625 uon
295 3589 383 3656 pauso
401 3583 525 3642 tempore
543 3588 605 3624 oum
624 3572 736 3624 auxiliis
754 3573 839 3634 silui,
858 3577 976 3623 stanno
994 3572 1119 3642 proxime

36 3646 167 3709 superlore
185 3650 317 3697 treoentrs
342 3653 402 3696 octo
422 3644 481 3698 iota
503 3643 620 3696 nasibus
647 3645 678 3696 ln
695 3643 841 3696 Threciam
858 3641 1012 3706 transmisi,
1030 3642 1118 3694 bella-

37 3715 105 3765 turus
127 3711 270 3786 quibusvis
294 3661 457 3768 mortalibus
485 3720 515 3766 et
539 3713 636 3765 damna
655 3714 784 3766 illaturus
801 3714 909 3774 omnia,
927 3711 1019 3782 quoad
1036 3712 1116 3764 illurn

36 3779 61 3831 in
87 3783 163 3838 sedes
190 3799 253 3836 suas
281 3785 458 3848 reducerem,
486 3783 718 3856 quemadmodum
748 3798 795 3836 vos
820 3781 1020 3846 recordamini,
1049 3798 1118 3852 qttos

37 3855 95 3904 lone
121 3853 320 3908 commilitones
348 3854 489 3909 ducebam.
535 3855 617 3908 Nunc
642 3871 673 3908 ea
693 3861 735 3906 est
751 3869 840 3906 rerum
860 3853 1000 3916 conditio,
1020 3859 1051 3904 ut
1068 3871 1119 3907 uss

37 3921 141 3987 quidem
168 3941 183 3976 a
210 3927 299 3980 ventis
322 3925 368 3979 hle
394 3924 502 3978 detenti
527 3926 672 3978 feriemur:
698 3924 747 3976 ille
765 3939 781 3976 a
799 3923 945 3987 Romanis,
976 3931 1009 3974 ut
1031 3924 1119 3988 aiunt,

37 3989 194 4048 obsideatur.
231 3996 335 4051 Vereor
351 4004 458 4059 autem,
476 4009 512 4048 ne
532 3995 650 4067 quodsi
669 3994 768 4046 malum
782 3992 941 4046 insanabile
969 3995 1118 4062 contingat

38 4057 168 4118 Credibile
197 4067 271 4120 enim
294 4073 354 4129 est,
376 4065 455 4119 illum
483 4072 513 4119 et
538 4067 655 4136 pecunia
680 4079 760 4134 egere
781 4072 810 4114 et
831 4061 959 4116 hostibus
985 4065 1022 4114 im
1043 4080 1117 4116 arem

38 4144 106 4194 esse,
144 4138 227 4210 uippe
245 4138 295 4220 qui
312 4153 406 4188 recens
423 4152 505 4205 vagus
524 4145 552 4188 et
571 4137 635 4188 exul
653 4149 711 4186 esse
729 4133 858 4197 desierit,
885 4141 914 4186 et
934 4135 978 4185 cui
997 4082 1042 4184 ad
1051 4151 1118 4187 eou-

37 4153 174 4258 trahendas
202 4223 294 4278 copias
322 4222 421 4278 genere
447 4221 617 4277 numeroque
647 4207 736 4258 demas
765 4206 884 4272 spatium
902 4203 1043 4256 sufficiens
1060 4221 1117 4256 nou

38 4275 202 4336 coucedatur.
240 4279 339 4332 llostes
359 4284 451 4331 autem
468 4283 582 4348 propter
598 4274 808 4330 multitudinem
826 4283 855 4329 et
871 4277 954 4328 ermis
972 4291 1035 4328 eum
1052 4291 1117 4347 pos·
