2976 4954
262 263 334 323 Vll!
660 261 970 330 PRAEMONITUM.

262 439 383 516 fuerit
414 441 726 549 emendnndique
748 453 905 552 operam
932 473 1056 524 meam
1080 451 1277 543 levaverit,
1307 457 1365 534 ni-

262 563 318 639 hil
347 566 487 641 attinet
519 563 669 642 dioerez.
690 593 749 648 res
771 569 852 676 ipsa
871 569 1032 648 docebit.
1084 574 1245 672 Quoties
1261 581 1366 657 enim

261 689 375 779 vitia,
399 689 543 791 quibus
570 691 878 781 Cantacuzenus,
905 694 1032 795 qualis
1056 721 1077 768 e
1103 700 1278 778 Parisino
1305 730 1365 779 co-

260 811 346 886 dice
363 811 528 918 prodiit,
555 813 693 918 passim
711 817 940 918 inquinatus
954 836 1026 908 est,
1046 816 1096 892 ad
1114 817 1232 898 huius
1247 823 1364 904 fidem

259 935 428 1026 correxi,
455 954 524 1010 aut
554 937 584 1012 si
610 937 708 1041 quid
734 967 889 1044 prorsus
914 940 1094 1016 omissum
1121 963 1204 1020 erat
1228 968 1360 1042 autea,

257 1061 350 1138 iude
380 1062 554 1168 supplevi
587 1079 626 1136 et
660 1059 872 1166 integritati
908 1091 997 1140 suae
1023 1063 1196 1158 reddidi,
1227 1067 1362 1148 sedulo

256 1187 478 1265 eoeneum
504 1187 654 1278 curavi,
689 1207 737 1264 ut
760 1189 925 1266 parisini
949 1188 1042 1264 tta
1068 1187 1276 1269 dissensum
1301 1195 1359 1272 tn-

257 1311 435 1388 dicarem.
488 1311 563 1387 Ubi
591 1310 794 1415 utriusque
826 1311 967 1390 codicis
1003 1313 1208 1392 lectionem
1239 1343 1358 1394 anno-

259 1455 378 1513 tatam
405 1435 591 1539 reperies,
622 1435 679 1510 ibi
703 1436 815 1527 scito,
847 1435 954 1541 quod
987 1437 1030 1514 in
1068 1455 1176 1514 textu
1198 1438 1355 1542 legitur,

257 1561 480 1638 coniectura
507 1587 529 1634 a
555 1584 617 1634 me
648 1559 872 1635 restitutum
896 1587 988 1656 esse;
1003 1587 1229 1666 quanquam
1254 1560 1294 1636 id
1309 1572 1358 1639 'et

255 1675 476 1788 parcissirne
500 1682 594 1768 feei,
615 1702 654 1758 et
677 1707 721 1757 ea
736 1662 912 1790 semper,
940 1703 984 1759 ut
1010 1681 1152 1772 debui,
1175 1683 1354 1761 modera-

255 1805 378 1896 tione,
413 1823 461 1880 ut
498 1807 598 1883 nihil
626 1805 845 1910 quidquam
877 1833 923 1884 ex
957 1809 1113 1913 ingenio
1145 1827 1353 1900 mutarem,

253 1927 328 2004 nisi
359 1927 429 2004 ubi
455 1954 513 2004 res
537 1931 745 2006 certissima
764 1927 973 2007 videretur.
1025 1931 1136 2030 Quin
1168 1934 1284 2009 etiam
1310 1933 1353 2009 in

251 2075 300 2127 eo
326 2077 463 2153 genere
498 2049 689 2156 quaedam
722 2055 888 2147 servavi,
923 2082 1024 2161 quae
1050 2083 1157 2131 nunc
1181 2073 1352 2131 correcta

253 2178 429 2268 mallem,
453 2178 561 2252 velut
586 2204 622 2280 p.
647 2205 714 2265 21,
743 2199 816 2274 19„
843 2178 913 2251 ubi
939 2205 1011 2282 pro
1033 2203 1101 2267 eo,
1127 2177 1233 2282 quod
1249 2197 1351 2253 uter-

252 2325 330 2402 que
354 2299 472 2376 codex
497 2297 615 2374 habet
635 2297 1051 2394 προσιστάμενον,ιιοη
1068 2295 1226 2392 dubito,
1249 2301 1349 2405 quin
1377 2349 1383 2360 ·

252 2418 539 2496 emendandum
554 2421 605 2495 sit
618 2417 908 2519 παριστάμενον.
935 2420 1025 2498 Vid.
1049 2451 1085 2528 p.
1101 2451 1189 2524 207,
1204 2427 1236 2498 5.
1258 2431 1348 2527 237,

161 2627 163 2633 ,
256 2571 312 2620 ro.
362 2541 513 2619 Deinde
544 2539 792 2620 scribendum
826 2563 880 2620 est
911 2572 951 2650 p.
982 2549 1048 2636 80,
1081 2555 1114 2642 4.
1145 2573 1226 2623 non
1258 2541 1350 2617 emt

254 2667 562 2768 ovuatpoope'vov,
578 2665 643 2743 sed
671 2672 761 2740 etos
783 2669 1050 2768 συναιρομένου
1061 2724 1072 2758 ,
1093 2690 1139 2747 ut
1154 2673 1197 2748 iu
1216 2671 1349 2747 eadem

251 2792 419 2868 formula
442 2789 550 2898 apud
570 2807 747 2874 nostrum
763 2791 923 2894 saepius.
974 2793 1182 2897 Reliquum
1199 2813 1274 2884 est,
1302 2813 1348 2870 ut

219 2981 222 2988 ,
251 2941 449 3008 moneam,
475 2913 672 3018 quidquid
692 2913 928 2992 variantium
953 2915 1166 2993 lectionum
1180 2919 1223 2994 in
1249 2917 1345 2996 duo-

251 3039 323 3113 bus
349 3038 545 3144 prioribus
570 3038 681 3114 libris
713 3035 832 3112 codex
856 3039 1094 3116 Monacensis
1117 3039 1250 3128 habet,
1286 3043 1345 3118 in-

250 3179 396 3239 sertum
421 3163 470 3237 iri
495 3163 684 3238 volumini
711 3164 844 3261 tertio,
867 3164 974 3269 quod
996 3193 1083 3241 mox
1109 3165 1292 3272 prodibit.

347 3390 423 3466 Ser.
450 3390 606 3464 Bouuae
631 3413 746 3466 meus.
772 3389 896 3494 April.
919 3416 952 3466 a.
970 3395 1074 3466 1831.

646 3691 940 3704 —n—-ae-——un—
