2986 4936
373 351 662 424 ιιιειοιιιιιιιιιιι
691 361 747 423 ιιι.
765 367 820 438 91.
1083 326 1166 426 563

66 503 195 586 ἐδέχθη
227 500 336 583 μέντοι
363 501 452 588 παρὰ
474 507 639 586 βασιλίδος
658 507 797 590 μάλιστα
817 506 920 593 ἡδέως
947 505 1003 574 καί
1031 510 1095 572 ταῖν
1107 531 1164 570 κα-
1174 526 1236 582 ac„
1249 523 1319 598 ,3ης

64 600 110 670 τὰ
136 597 264 690 Θρηίκην
286 598 430 682 πόλεσιν,
449 605 488 670 ul
504 604 656 695 Βατιίτζη
677 609 935 692 συναπέστησαν,
963 601 1075 692 ἅρχων
1094 609 1171 672 α’πε-
1206 597 1211 606 “

68 704 204 785 δείχθη.
244 698 327 783 μετό
347 700 465 790 μικρόν
485 706 522 770 δέ
543 706 707 790 φωραθείς
728 710 783 771 καί
805 707 1082 792 Παρασπόνδυλος
1101 710 1172 772 ε’πι·

65 802 239 884 βουλεύων
265 805 398 882 βασιλεῖ
405 847 414 882 ,
449 801 662 891 ιίπεδιδρασκε
690 803 771 890 πρός
799 809 973 890 βασιλίδα,
1005 807 1062 870 καί
1082 806 1111 870 οἱ
1132 802 1171 871 τό

43 902 231 984 δβασιλέως
250 897 340 966 ἔνδον
360 897 573 986 πράσσοντες,
594 904 791 991 μηνυθείσης
814 909 871 990 τῆς
892 907 1086 989 ἐπιβουλῆς,
1109 903 1175 970 δεί-

62 1023 187 1076 σαντες
213 999 270 1082 καί
301 1001 396 1068 ositos*
418 1001 651 1090 οἷπεδιδρασκον
671 1002 750 1092 πρός
769 1008 922 1088 βασιλέα.
961 1003 1113 1088 βασιλεός
1137 1005 1174 1069 δὲ

62 1097 145 1166 ἐπεὶ
163 1091 185 1183 ἦ
205 1121 241 1162 τε
261 1097 352 1165 ἔνδον
371 1100 544 1190 πεφώρατσ
564 1107 720 1188 ἐργασία,
754 1103 811 1170 καί
832 1103 923 1183 ίκτός
943 1107 1037 1170 ου’δὲν
1053 1099 1110 1188 ἦν,
1133 1096 1153 1166 ό
1162 1152 1172 1187 ,

63 1223 100 1264 τι
127 1195 264 1282 λυπήσει
282 1203 501 1286 Βυζαντίους,
523 1201 727 1287 σ’νεζεόχνυεν
745 1204 791 1282 εἰς
811 1207 1027 1290 Σηλυμβρίαν.
1064 1207 1194 1272 ίκεῖσιΒ

64 1299 106 1363 δὲ
130 1299 456 1383 παρασκευασάμενος
479 1304 536 1366 καί
562 1303 763 1388 στρατιοότας
781 1307 985 1390 τριακοσίους
997 1301 1081 1388 ἔχων
1101 1305 1171 1366 ε’πι-

31 1399 223 1477 ιολέκτους,
245 1396 356 1478 νυκτός
376 1393 493 1488 ἀφῖκτο
516 1400 597 1488 πρός
611 1401 711 1489 Ἱερόν
722 1453 733 1486 ,
754 1401 915 1488 τὴνκατό
934 1399 970 1470 τό
996 1400 1095 1485 στόμα
1114 1403 1171 1467 τοῦ

64 1492 207 1564 Πόντου
228 1502 374 1586 κειμένην
385 1499 499 1583 πόλιν,
512 1497 707 1585 ἑπαγόμενος
726 1505 783 1568 καί
801 1505 965 1585 κλίμακας.
993 1505 1058 1566 τῶν
1081 1498 1170 1567 ἔνδον

64 1599 181 1690 μέντοι
213 1591 320 1674 οόδείς
355 1603 568 1685 συνέπραττεν
589 1600 720 1686 αδτοῖς,
744 1599 825 1666 etti
847 1605 923 1682 καθ’,
937 1598 1074 1678 ἓαυτοός
1096 1601 1170 1666 ἒπε-

64 1697 207 1782 χείρουν
236 1695 296 1780 τὴν
323 1693 444 1765 εἵλωσιν
473 1702 529 1784 τῆς
549 1695 681 1774 πόλεως.
723 1699 878 1776 λαθόντες
899 1704 935 1768 δέ
954 1697 1030 1776 τοός
1055 1698 1171 1784 ἔνδον,

65 1793 129 1871 τοὶς
156 1816 190 1860 τε
218 1799 375 1877 κλίμακας
403 1795 615 1884 προσηρειδον
643 1805 708 1874 τοῖς
732 1801 852 1881 τείχεσι
889 1801 946 1866 καί
965 1798 1072 1865 αόταῖν
1099 1799 1173 1864 sivi-

31 1899 187 1977 ιόβσιινον
207 1896 266 1959 osias
286 1896 400 1979 o’ls'yos.
442 1895 515 1962 ἐπεί
534 1899 570 1962 δὲ
592 1895 682 1963 ἔνδον
702 1887 802 1982 η’σαν,
829 1895 887 1982 την
912 1897 1173 1991 νίκηννδιέφθει-

66 2019 134 2082 ραν
154 1992 212 2058 siss’
227 1989 392 2078 ἀβουλίας.
433 1989 508 2062 οότε
527 1993 589 2082 χδρ
611 1999 780 2084 ἐφίσταντο
800 2005 864 2072 τοῖς
887 1999 1043 2080 τείχεσιν,
1061 1987 1174 2061 όδειαν

67 2092 287 2178 παρεχόμενοι
311 2096 368 2160 καί
385 2103 451 2171 τοῖς
474 2089 583 2173 ἄλλοις
597 2095 798 2177 ἀναβαίνειν,
820 2087 886 2160 οὔτ’
899 2096 970 2160 ἐπεί
989 2098 1204 2178 κατέβαινονῦ

67 2191 164 2260 ἔνδον
184 2189 248 2256 α’πό
269 2195 333 2258 τοῖόν
353 2183 488 2277 τειχιόν,
513 2191 729 2276 διανοιγνόναι
752 2181 813 2269 τὰς
833 2191 936 2268 πόλος
950 2189 1007 2258 καί
1029 2200 1097 2270 τοῖς
1117 2187 1174 2258 rit-

70 2301 141 2368 λσις
160 2290 373 2376 στρατιώταις
396 2291 506 2358 ἔθεντο
528 2289 583 2358 διό
605 2295 770 2376 σπουδῆς,
795 2288 875 2358 ἀλλὰ
898 2289 1024 2357 πόντιον
1041 2295 1106 2356 ταῖν
1120 2293 1174 2354 δε-

37 2393 177 2460 οοόντοον
199 2387 411 2477 ἀμελήσαντες
433 2393 602 2479 ἐτρέποντο
623 2393 677 2477 ἐφ’
692 2387 857 2477 όρπαγός,
883 2389 1022 2473 οἰόμενοι
1034 2393 1174 2473 βεβαίως
1264 2397 1269 2410 ’

72 2484 137 2577 ἤδη
153 2487 213 2574 τήν
233 2487 326 2557 πόλιν
346 2489 445 2575 ἔχειν.
482 2488 512 2556 οἱ
531 2489 622 2556 ἔνδον
644 2493 689 2573 δέ,
712 2493 784 2558 ἐπεί
803 2490 979 2580 η’σθόνσντο
994 2490 1075 2566 ’τοός
1095 2513 1174 2574 nop-

70 2594 214 2665 δοῦπος
233 2589 358 2671 όλίγους
380 2583 490 2674 όντας,
522 2586 680 2678 η’μόνοντο
707 2585 991 2675 ἀναθαρσήσαντες
1016 2589 1074 2655 καί
1095 2590 1175 2654 α’να-

75 2687 188 2772 βόντες
209 2686 342 2753 ἐπὶτῶν
365 2694 500 2773 τειχῶν,
526 2689 583 2766 τός
604 2714 640 2756 τε
660 2691 816 2773 κλίμακας
838 2685 1084 2768 ἀπεσκευάζοντο
1098 2713 1175 2755 ouv-

79 2792 233 2868 δλολντες,
265 2791 394 2865 πλείους
423 2812 458 2854 τε
487 2789 604 2872 όλίγοις
631 2787 771 2866 ἐπιόντες
813 2791 870 2856 καί
902 2786 1054 2878 ἐγχώριοι
1093 2785 1175 2876 πρός
1218 2859 1220 2865 ,

148 2917 171 2972 5.
191 2913 343 2980 δείσαντες
358 2916 387 2972 P.
458 2934 503 2972 aa.
523 2914 641 2987 όλίχους
662 2915 747 2976 ὄντας
764 2917 826 2970 αδδ.
844 2917 883 2970 Μ.

80 3027 129 3082 per
151 3011 207 3063 sibi
241 3009 381 3073 defuisse,
412 3010 578 3080 imperatore
609 3025 667 3062 nou
697 3025 775 3063 secus
800 3008 855 3060 sibi
882 3014 1014 3072 cavente,
1041 3023 1123 3080 quam
1151 3008 1176 3061 sl

78 3082 196 3151 cogitata
222 3083 282 3136 eius
308 3081 490 3151 perspiceret:
527 3087 556 3134 et
581 3083 729 3145 metuisse,
757 3077 1007 3148 neksleprcheusus
1042 3095 1089 3131 san
1110 3078 1175 3132 uiae

75 3169 180 3225 poenas
198 3151 283 3205 daret.
321 3154 442 3222 Augusta
460 3152 540 3203 illurn
558 3151 735 3222 cupidissime
755 3153 884 3219 suscepit,
900 3147 1067 3217 urbiumque
1086 3097 1176 3200 'lora-

76 3225 154 3287 ciae,
175 3239 246 3292 quae
268 3237 328 3273 cum
349 3225 459 3274 nautae
478 3220 513 3274 ab
538 3223 703 3290 imperatore
722 3220 913 3284 desciverant,
935 3219 1105 3290 praelectum
1127 3217 1177 3270 de-

75 3295 200 3348 claravit.
242 3292 305 3344 Non
328 3294 446 3346 multum
478 3293 635 3344 intercessit
664 3296 801 3362 spatium,
830 3306 891 3343 cunr
909 3299 938 3342 et
957 3287 1177 3358 Paraspondylus

75 3364 241 3418 insidiarum
266 3364 297 3416 in
326 3365 518 3433 imperatorem
546 3371 716 3432 compertus,
744 3363 778 3415 sd
798 3363 1000 3432 imperatricem
1023 3358 1177 3429 transfugit.

74 3435 137 3506 Qui
154 3451 219 3488 vcro
238 3433 311 3487 intra
332 3435 443 3486 moenia
462 3442 556 3499 erant,
573 3434 608 3485 ab
628 3433 794 3504 imperatore
818 3441 939 3496 stantes,
960 3432 1075 3484 detectis
1097 3431 1179 3482 vicis-

73 3509 130 3563 sim
160 3521 254 3558 eorssm
282 3505 431 3570 machinis,
450 3505 568 3575 perculsi
588 3503 624 3558 ad
643 3520 705 3556 eum
725 3504 919 3574 confugerant:
938 3505 987 3574 qui
1007 3499 1084 3572 quod
1101 3502 1178 3554 intus

74 3575 227 3650 parabatur
245 3575 406 3641 intellecto,
431 3578 497 3648 quia
525 3576 608 3638 ioris,
635 3575 710 3629 unde
738 3574 872 3642 Byzantiis
896 3589 976 3646 aegre
1004 3579 1090 3636 esset,
1117 3571 1179 3622 fieri

74 3649 153 3703 nihil
175 3653 296 3715 poterat,
314 3647 467 3715 Selybriam
488 3653 530 3698 est
550 3662 681 3700 reversus.
717 3645 780 3698 illle
797 3645 944 3697 instructus
964 3659 1024 3696 cum
1045 3643 1179 3694 trecentis

75 3717 208 3784 selectis,
241 3725 270 3768 et
295 3719 374 3770 scalis
409 3725 493 3770 noctu
519 3717 634 3771 Hierum
658 3714 694 3768 ad
720 3715 801 3770 Ponti
820 3715 913 3768 fauces
935 3716 1017 3766 situm
1036 3714 1181 3782 pervenite

76 3788 342 3860 oppidanorumque
361 3787 510 3842 adiuvante
528 3787 650 3851 nemine,
667 3803 717 3856 per
735 3803 764 3839 se
782 3783 877 3838 urbem
899 3801 997 3854 capere
1015 3782 1180 3853 aggredior*

75 3869 139 3914 tur:
167 3874 200 3908 ao
229 3861 347 3912 latenter
373 3861 453 3912 scolis
481 3856 517 3911 asl
535 3875 626 3912 muros
652 3857 791 3928 applicitis
830 3872 887 3910 non
914 3858 997 3924 pauci
1017 3851 1178 3906 ascendunt

75 3932 164 3988 lutus
193 3928 247 3980 iam
272 3945 334 3980 cum
359 3939 460 3996 essent,
494 3929 639 3982 victoriam
658 3929 743 3982 stulto
761 3927 951 3998 perdiderunt.
988 3925 1086 3997 Neque
1106 3923 1181 3976 euim

78 4003 111 4054 in
133 3997 281 4052 moenibus
310 4001 443 4069 tantisper
461 4001 663 4064 consistebant,
690 3999 755 4050 (lum
775 4007 803 4051 et
823 3999 872 4049 olii
895 4005 955 4049 tuto
974 3994 1174 4048 ascendisseutt

80 4085 176 4142 nequa
195 4086 255 4122 cum
277 4070 458 4140 inoppidum
476 4069 697 4133 descendissent,
712 4078 810 4138 portas
830 4069 913 4122 sociis
931 4081 1051 4120 reserare
1071 4066 1184 4120 labora·

79 4139 170 4194 bant:
188 4140 237 4193 sed
256 4139 380 4209 partibus
399 4142 455 4193 suis
474 4141 622 4210 neglectis,
645 4147 775 4211 putantes
794 4153 824 4190 se
845 4139 940 4191 urbem
960 4153 1011 4206 pro
1030 4143 1104 4191 certo
1127 4139 1183 4187 iam

81 4210 229 4274 obtinere,
251 4211 286 4264 ad
304 4211 434 4280 praedam
452 4210 650 4264 discurrebant.
672 4209 839 4280 ludigeoae,
860 4209 1048 4261 animadversa
1066 4206 1184 4275 praeda·

82 4289 177 4340 torum
199 4281 357 4354 paucitate,
381 4281 417 4334 asl
445 4280 802 4354 dciemionem·recipiuat
821 4281 943 4334 animosa
972 4279 1184 4348 conscensisque
