2886 4948
364 349 650 414 nrsroarlnrm
679 352 736 414 nr.
768 352 822 422 σε.
1045 323 1128 438 3¹7

63 503 108 567 soi
130 499 293 586 λογισμοός
319 505 460 586 καρδιῶν
489 505 630 590 ἀκριβῶς
658 503 874 585 ἐπιστάμενον.
929 503 1011 572 α’λλό
1050 508 1160 572 ταῦ-λ.
1169 511 1282 586 Gelda

63 627 94 666 τα
109 604 160 682 μὲν
178 603 222 676 είς
244 598 349 689 ἕτερόν
368 625 424 684 μοι
443 603 660 688 τεταμιεδσθω
678 602 809 688 καιρόν,
842 605 935 689 ἡνίκα
955 605 1012 670 καί
1031 605 1134 693 φανὴ·

63 725 132 765 σεται
156 701 292 786 τάληθὲς
322 706 426 778 καλῶς
454 708 534 768 θεοῦ
564 700 714 780 διδόντος.
755 705 815 768 νδν
836 705 867 768 δ’
885 703 930 780 ῶς
949 703 996 790 μη
1016 709 1057 793 τῇ
1075 707 1134 772 τοῦ

38 797 133 895 ,λόγου
151 798 239 888 ῥόμη
261 807 506 888 συνισχημένοι,
531 803 702 868 κάντεῦθεν
722 810 793 878 ταῖς
814 799 978 880 τοιαόταις
999 805 1133 890 ἐμφιλο-

55 897 152 982 5χορεῖν
178 899 374 968 ὑποθέσεσιν
392 904 586 988 ἐπειγόμενοι
596 954 606 985 ,
629 893 744 968 ἄτοπόν
757 925 789 966 τι
803 912 903 967 ποιεῖν
914 899 1135 990 ὑποληφθείη·

71 1021 120 1082 μιν,
141 1009 268 1085 μικροῖς
296 997 401 1086 λόγοις
428 999 470 1067 τό
496 1001 541 1087 μη
569 999 669 1088 μικρὰ
696 1003 897 1088 παραδοῦναι
917 1000 1132 1088 πειρώμενοι,

72 1103 122 1164 irin
145 1095 230 1165 εόθδ
259 1101 320 1166 τοῦ
346 1104 564 1188 προκειμένου.
606 1099 717 1185 ἐπειδη
744 1125 820 1166 ποτε
839 1104 998 1192 βασκανίηι
1018 1105 1133 1185 δαίμο-

69 1219 113 1278 νος,
130 1199 172 1275 ῶς
192 1202 381 1286 διείληπται,
402 1203 478 1266 καθ’
497 1201 588 1288 ἡμῶν
609 1203 761 1284 μανέντες
785 1200 845 1264 οὔκ
865 1197 975 1266 ἔνδικα
998 1197 1056 1279 οὓς
1077 1201 1133 1268 διὰ

65 1295 154 1382 χρόνον
186 1303 317 1384 μακροῦ
347 1303 463 1388 φιλαυς
490 1300 754 1387 συνεστησάμεθα
782 1302 840 1366 κατ’
869 1298 1038 1376 κοινωνοός
1057 1299 1135 1387 ἡμῖν

42 1397 257 1484 Ιαποιησόμεθα
279 1403 336 1484 τῆς
358 1400 544 1486 εὐπραγίας,
566 1397 786 1486 ἑσκαιῶρησαν
804 1398 846 1464 τό
867 1395 1050 1482 δεινότατα,
1078 1398 1136 1464 καί

59 1493 86 1580 ἢν
108 1497 323 1582 ἐπορευόμεθα
350 1495 413 1564 σόν
437 1503 503 1587 θεῷ
532 1498 663 1586 πορείαν
696 1497 798 1584 ὄρθὴν
822 1522 857 1564 τε
890 1497 947 1566 καί
963 1502 1009 1590 τῷ
1027 1503 1156 1588 roserit)

58 1597 257 1664 συντείνουσαν
284 1599 378 1662 κακοί
403 1602 508 1673 κακῶς
534 1594 772 1682 διαβεβληκότες
792 1621 828 1662 τε
848 1597 905 1663 καί
923 1621 1134 1684 κεκακουργη·

56 1695 123 1771 τότες
152 1698 335 1763 παντάπασι
362 1696 625 1783 προτεθόμηνται
655 1693 712 1760 καί
745 1698 1018 1781 ίνιικεχειρήκαοιν
1048 1694 1134 1784 ἡμᾶς

58 1789 147 1860 όλέσαι
174 1795 238 1862 σόν
265 1805 332 1873 τοῖς
353 1795 577 1882 δπολειφθεῐσι
599 1797 726 1881 φιλοις,
755 1797 814 1857 rori
836 1797 983 1860 κινδύνου
1003 1798 1082 1872 τίως
1101 1798 1136 1860 ό-

29 1897 194 1977 τ5φεοτοῖτος
223 1896 321 1984 ἡμῖν,
353 1893 394 1960 τό
422 1893 502 1982 πρὸς
537 1895 700 1978 σωτηρίαν
730 1886 852 1977 ἆθρόον
877 1891 1136 1976 βεβουλεύμεθα·

53 1988 127 2060 οὐδὲν
156 1987 250 2082 ἦττον
280 1995 335 2062 ἐπί
362 1995 428 2082 θεῷ
454 1997 597 2080 μα’ρτυρι
633 1988 824 2079 πεφρικότες
860 1993 916 2057 καί
951 1993 1137 2058 συνδιασκε-

52 2089 192 2178 ψόμενοι,
223 2094 282 2160 καί
298 2091 347 2160 ἔτι
368 2096 604 2182 φροντιζοντες,
636 2089 692 2157 καί
706 2094 786 2168 ,πῶς
806 2084 847 2155 dv
866 2093 980 2154 ἐκεῖνον
999 2095 1133 2156 συνθεῖεν

52 2189 75 2254 οἱ
98 2191 342 2280 καταπροδόντες
376 2190 480 2280 ἡμᾶς,
501 2195 557 2257 καί
573 2193 627 2257 ἵνα
647 2188 688 2255 τό
711 2192 747 2255 ἐν
765 2192 853 2279 μέσην
871 2184 1002 2254 πλεῖστά
1022 2213 1058 2273 γε
1078 2182 1133 2255 όν-

50 2315 82 2353 τα
105 2293 157 2358 καί
173 2292 268 2381 κόρω
289 2292 352 2359 cios*
371 2295 550 2379 παρέχοντα
566 2293 671 2375 παρῶ,
694 2287 819 2354 πόντων
841 2286 958 2372 σχεδόν
979 2291 1014 2354 όν
1032 2284 1132 2374 α’νόγ-

26 2409 82 2477 τοτη
101 2395 151 2457 καί
180 2397 282 2482 καιρῷ
312 2393 455 2459 κίνδυνον
476 2394 657 2456 ἀπειλοῦντι
678 2389 858 2477 διαφόρως,
881 2386 1078 2454 ἀπειπόντων
1096 2409 1134 2453 τε

54 2491 100 2554 καί
120 2491 391 2559 καταλελοιπότων
410 2515 453 2575 με
475 2493 597 2580 φιλων,
629 2491 788 2574 συγγενῶν
806 2489 943 2573 γνησίων
964 2486 1021 2553 καί
1038 2492 1163 2575 θερω-Ρ.
1177 2502 1230 2559 52⁵

52 2589 170 2674 πόντων,
204 2593 308 2660 ταῦτα
328 2615 385 2676 μοι
404 2591 526 2671 τούτοις
545 2589 752 2679 ὀφειλόντων,
768 2592 890 2672 μᾶλλον
907 2592 938 2654 d’
958 2591 1057 2656 εἰπεῖν
1076 2585 1133 2654 καί
1139 2597 1173 2656 V·
1181 2595 1235 2672 das

1174 955 1183 1006 l

53 2806 89 2858 bis
111 2809 251 2864 debebunt
277 2811 305 2880 (o
331 2809 560 2880 sycophantarum
591 2807 742 2881 vesaniam)
767 2824 818 2862 nos
837 2812 1011 2872 accusantes,
1028 2807 1136 2862 indicta

54 2894 124 2930 esum
142 2881 325 2944 damnarunt,
344 2880 488 2932 adversam
507 2896 557 2930 nos
578 2881 833 2944 comminiscentes,
857 2880 934 2950 quod
959 2881 990 2930 ia
1012 2888 1135 2933 mentem

53 2949 122 3002 nobis
149 2968 293 3024 nunquam
318 2957 447 3002 venerat:
474 2951 513 3002 ita
542 2967 592 3002 nos
617 2959 708 3013 amet,
733 2951 784 3020 qui
801 2951 926 3002 cordium
953 2951 1134 3019 cogitationes

51 3021 167 3086 periscte
186 3023 336 3092 cognoscit.
370 3021 471 3072 Verum
493 3018 561 3072 baec
586 3022 617 3072 in
635 3020 711 3072 uliud
730 3028 838 3090 tempus
858 3020 1002 3081 ditiorum,
1020 3019 1134 3090 quando

52 3089 133 3144 divino
159 3109 275 3146 munere
302 3091 403 3144 soritas
434 3095 505 3142 clare
526 3091 679 3160 apparebit
716 3091 796 3143 Nunc
814 3106 850 3143 ne
869 3092 974 3159 impetu
996 3092 1131 3143 orationis

55 3159 167 3232 abrepti,
195 3165 226 3215 in
244 3163 298 3215 lroc
316 3169 476 3233 argumento
504 3177 631 3231 cogamur
657 3161 810 3223 immorari,
840 3176 873 3211 ao
896 3158 1015 3228 proinde
1039 3161 1130 3230 inepti

52 3231 246 3297 existimemur,
273 3235 339 3286 dum
364 3247 448 3302 parvo
477 3243 602 3282 sermone
628 3230 703 3282 haud
730 3245 812 3300 parva
839 3230 986 3299 complecti
1003 3231 1130 3294 nitimur,

52 3311 115 3352 rectu
142 3304 175 3355 ed
200 3307 375 3378 propositum
408 3295 620 3372 aggrediendum
650 3310 700 3354 est.
736 3302 884 3370 Postquam
909 3301 994 3370 igitur
1027 3301 1133 3354 invidis

53 3369 198 3437 daemonis,
221 3384 253 3426 ut
281 3375 447 3443 explicatum
477 3383 536 3435 est,
561 3380 659 3423 contra
689 3387 739 3423 nos
768 3372 865 3440 inique
893 3371 1036 3434 turenses,
1063 3387 1133 3440 quos

52 3439 123 3512 longo
149 3454 272 3514 tempore
300 3444 380 3496 nobis
406 3444 613 3496 devinxeremus
637 3441 834 3510 felicitatisque
855 3448 966 3494 nostrae
983 3442 1133 3510 participes

53 3511 204 3578 feceramus,
225 3515 372 3569 horribilia
390 3515 420 3564 in
439 3529 489 3566 nos
508 3527 634 3582 perverse
652 3512 743 3563 moliti
762 3520 840 3576 sunt,
871 3513 1031 3584 directaque
1050 3521 1079 3564 et
1096 3511 1133 3564 ad

53 3597 183 3639 commune
202 3587 306 3638 bonum
326 3585 482 3655 pertinente
500 3579 635 3644 vis,'l)e0
653 3583 812 3642 adiuvante,
834 3583 993 3636 incedentes
1011 3579 1134 3654 improbi

53 3653 166 3724 improbe
187 3656 359 3708 criminando
384 3654 641 3724 malefaciendoque
664 3671 726 3705 cum
746 3653 894 3705 amicorum
910 3653 1038 3723 reliquiis
1063 3653 1130 3705 iun·

54 3723 117 3778 ditus
134 3727 248 3796 perdere
263 3725 430 3778 studuerunt
446 3741 477 3776 ac
497 3731 685 3786 tentaverunt,
704 3727 810 3776 interea
828 3739 879 3776 nos
897 3731 1011 3792 argente
1032 3722 1131 3777 discri-

53 3797 117 3846 mine
135 3801 294 3868 frequenter
318 3797 353 3849 dc
371 3797 459 3847 salute
480 3796 709 3847 consultarimus:
732 3793 823 3846 uilailc
842 3798 932 3846 minus
957 3809 1049 3846 coram
1070 3795 1130 3847 Deo

55 3871 190 3922 trementer
217 3877 247 3922 et
277 3867 396 3920 sollicite
414 3863 639 3929 considerantes,
665 3882 724 3934 quo
743 3863 825 3918 modo
846 3865 913 3916 salvi
932 3879 990 3916 esse
1008 3871 1132 3933 possent,

55 3937 96 4004 qui
120 3955 166 3992 nus
194 3938 390 4008 prodidissent
432 3937 524 4006 Atque
552 3943 584 3986 ut
603 3936 707 3997 mults,
735 3950 806 4004 quae
833 3945 897 3988 sunt
921 3937 950 3986 ln
969 3933 1132 3998 medio,rd

54 4005 196 4073 inplendum
216 4011 371 4061 satietatem
390 4005 503 4070 siloam,
521 4021 582 4058 cum
600 4007 680 4057 amici
699 4004 785 4058 ierme
800 4021 894 4058 omnes
912 4007 941 4058 ia
961 4006 1036 4058 duris
1055 4010 1131 4074 peri·

55 4079 197 4154 tutorisque
225 4080 397 4148 temporibus
423 4077 491 4129 meis
519 4077 568 4128 alii
586 4077 641 4126 alia
660 4076 694 4128 de
711 4091 790 4128 causa
810 4079 922 4129 mutetis
940 4075 1130 4129 voluntatibus

55 4161 92 4198 ms
107 4151 239 4205 desertum
259 4152 391 4211 ivissent,
411 4147 521 4218 ipsique
543 4148 651 4218 cognati
669 4165 700 4201 ac
723 4147 859 4209 ministri,
884 4163 940 4218 quo
964 4147 1059 4200 eadem
1086 4147 1132 4200 vei

54 4217 123 4282 plura
138 4225 228 4292 potius
247 4220 334 4273 officia
356 4219 423 4271 mihi
444 4217 602 4279 debebant,
631 4217 660 4269 in
683 4217 819 4270 sexcentis
841 4232 885 4270 mc
914 4217 1132 4282 ‹liserimlnibus,

55 4301 140 4344 troauo
156 4294 212 4348 Dei
228 4291 335 4346 iudicio
354 4288 565 4355 destituissent,
586 4290 673 4359 ipsum
691 4297 721 4343 et
736 4287 822 4341 solam
841 4289 894 4342 Dei
914 4288 1054 4342 dexterum
1072 4305 1131 4340 ma·
