2976 4954
515 272 826 340 enltuotttt'tut.
1156 279 1214 340 Vll

135 454 208 559 ipsa
239 446 548 524 desideratissimi
586 449 660 526 viri
695 448 959 528 recordatione
997 445 1213 526 remedium

137 564 287 670 aliquod
300 583 339 640 et
353 565 529 640 levamen
550 566 736 672 positum,
762 565 913 669 longius
937 565 1067 670 abripi
1093 584 1212 670 atque

147 689 195 762 ab
212 713 265 772 eo,
281 685 391 792 quod
417 684 511 762 huic
534 688 723 766 volumini
748 687 914 796 praefari
941 689 1112 779 institui,
1147 688 1214 764 ab·

153 836 261 886 errare
317 812 472 910 Quare,
504 829 551 888 ut
581 810 632 888 ed
659 813 901 918 propositum
938 838 1000 888 me
1032 812 1213 903 referam,

156 929 381 1008 indicandum
410 951 482 1024 est,
514 932 683 1010 eiusdem
709 933 914 1010 Niebuhrii
954 935 1141 1020 beneficio
1175 955 1215 1014 et

148 1054 368 1147 incredibili,
384 1079 465 1170 ‘1¹¹9
491 1056 606 1134 totius
622 1057 820 1162 Byzantini
843 1056 968 1163 operis
984 1075 1024 1134 et
1047 1057 1214 1136 utilitati

140 1177 306 1256 etdeoori
324 1181 538 1285 prospexit,
549 1179 677 1258 studio
694 1179 876 1260 effectum
891 1179 933 1258 id
952 1207 1110 1286 qnoque
1128 1207 1216 1274 ωε,

139 1321 194 1392 nt,
212 1331 304 1380 cum
331 1321 446 1383 antea
474 1306 727 1383 Cantacuzeni
758 1323 882 1384 textus
904 1308 1022 1386 unius
1061 1323 1216 1386 tantum

139 1428 287 1504 Parisini
304 1426 446 1506 codicis
464 1430 693 1510 auctoritate
715 1431 921 1524 niteretur,
949 1459 1094 1509 novum
1113 1429 1215 1521 iam,
1246 1495 1247 1498 ,

139 1548 243 1654 idque
267 1549 380 1628 valde
405 1579 427 1627 a
452 1554 581 1644 nobis,
606 1555 894 1662 cumprimum
925 1558 1106 1637 volumen
1129 1554 1217 1630 ede-

139 1675 276 1766 bamus,
302 1678 536 1782 expetitum,
572 1679 627 1754 rei
659 1679 815 1756 criticae
852 1680 1089 1786 praesidium
1125 1705 1215 1785 sup-

139 1817 281 1901 peteret,
301 1798 413 1874 cuius
423 1823 496 1908 ope
509 1797 727 1876 emendatio
740 1799 859 1877 huius
872 1801 1067 1908 scriptoris
1081 1805 1214 1909 paullo

145 1922 262 1998 certius
295 1921 451 1998 institui
486 1941 620 2027 posset·
680 1925 938 2026 Cognoveram
970 1925 1160 2003 nimirum
1192 1951 1216 2002 e

153 2067 280 2121 censura
302 2045 401 2121 tomi
416 2044 549 2149 primi,
575 2074 597 2146 a
623 2047 824 2153 Spengelio
849 2051 896 2122 V.
917 2049 965 2122 D.
981 2049 1025 2124 in
1041 2049 1217 2128 Seebodii

148 2167 224 2242 Bibl.
238 2170 334 2244 Crit.
352 2195 385 2242 a.
410 2172 513 2268 1829.
529 2196 637 2246 num.
658 2175 805 2275 87.sqq.
831 2170 950 2261 tacta,
969 2171 1147 2246 asservari
1173 2171 1217 2250 in

137 2289 344 2368 Monaceusi
369 2291 603 2374 bibliotheca
628 2293 799 2370 codicem
834 2296 949 2372 illum
977 2296 1219 2386 Bavaricum,

136 2415 228 2491 unde
251 2421 453 2491 Fontanus
477 2419 787 2514 Cantacuzenum
811 2419 961 2523 aliquot
986 2420 1099 2496 annis
1128 2439 1219 2498 ante

132 2540 244 2618 latine
269 2537 413 2626 edidit,
438 2567 557 2645 quam
577 2567 710 2646 graeca
733 2541 947 2618 eParisino
973 2541 1106 2620 codice
1131 2569 1219 2648 pro-

132 2661 266 2742 dirent.
318 2670 494 2769 Cumque
519 2664 694 2742 lectionis
716 2665 944 2771 specimina,
972 2661 1064 2740 inde
1088 2683 1219 2742 enota-

131 2809 182 2880 ta,
207 2793 300 2868 satis
315 2787 579 2880 ostenderent,
598 2816 677 2865 non
696 2788 876 2866 inutilem
896 2788 979 2864 eius
993 2785 1219 2866 conserendi

127 2914 296 2992 laborem
314 2913 416 3000 tore,
441 2911 553 3022 facile
568 2911 841 2988 Niebubriusa
858 2911 1090 2988 liberalitate
1106 2911 1219 2988 Lich-

126 3039 358 3130 tentbaleri,
405 3037 479 3112 viri
514 3034 805 3125 humanissimi,
847 3035 919 3138 qui
961 3033 1219 3112 bibliothecae

123 3163 347 3240 Monacensi
369 3177 538 3269 praeest,
565 3158 802 3266 impetrarit,
824 3176 871 3233 ut
899 3159 998 3234 liber
1022 3157 1101 3234 huc
1129 3157 1219 3236 mit-

128 3303 286 3364 teretur.
334 3289 401 3364 Est
424 3305 555 3362 autem
581 3284 700 3362 codex
730 3284 871 3362 saeculi
903 3285 1026 3375 XVI„
1058 3282 1217 3360 charta·

128 3433 233 3498 oeus,
250 3407 374 3484 forma
391 3408 576 3499 maxima,
592 3405 694 3482 foliis
713 3409 798 3484 606.
817 3423 1010 3496 constans,
1024 3405 1217 3512 scriptura

132 3527 370 3606 nitidissima.
417 3535 466 3608 ln
490 3529 662 3634 margine
685 3528 842 3605 exbibet
864 3529 1077 3608 lectionum
1098 3531 1218 3608 varie·

132 3670 245 3730 tatem
271 3656 361 3732 satis
387 3657 578 3762 amplam,
604 3654 715 3732 euius
738 3657 851 3757 longe
872 3654 1038 3732 maxima
1059 3681 1147 3760 pars
1169 3679 1217 3730 ex

132 3779 257 3854 codice
286 3779 491 3856 vetustiore
530 3777 758 3884 deprompta
790 3797 873 3872 est;
904 3777 1095 3881 quaedam
1134 3805 1217 3855 cor·
1265 3855 1268 3865 ,

126 3903 285 3979 rectoris
319 3902 473 4006 ingenio
507 3901 709 3980 debentur.
759 3901 1059 4006 Diligentissima
1094 3902 1217 4005 igitur

125 4021 235 4101 bunc
260 4025 431 4124 librum,
455 4053 571 4131 quem
587 4030 855 4104 Monacensem
872 4023 1022 4109 vocavi,
1038 4051 1129 4100 cum
1147 4029 1216 4101 Pa·

126 4149 246 4228 risina
278 4149 448 4232 editione
476 4151 647 4248 contuli,
680 4150 750 4255 qui
778 4171 973 4255 quantum
1003 4147 1101 4226 mibi
1127 4175 1216 4254 pros
